@article{powell1964efficient,
  title     = {An efficient method for finding the minimum of a function of several variables without calculating derivatives},
  author    = {Powell, Michael JD},
  journal   = {The computer journal},
  volume    = {7},
  pages     = {155--162},
  date      = {1964},
  publisher = {Oxford University Press}
}

@article{khan2014oneclass,
  title={One-class classification: taxonomy of study and review of techniques},
  volume={29},
  number={3},
  journal={The Knowledge Engineering Review},
  publisher={Cambridge University Press},
  author={Khan, Shehroz S. and Madden, Michael G.},
  date={2014},
  pages={345–374}
}

@article{powell1994direct,
  title     = {A direct search optimization method that models the objective and constraint functions by linear interpolation},
  author    = {Powell, Michael JD},
  date      = {1994},
  publisher = {Springer}
}

@article{nelder1965simplex,
  title     = {A simplex method for function minimization},
  author    = {Nelder, John A and Mead, Roger},
  journal   = {The computer journal},
  volume    = {7},
  pages     = {308--313},
  date      = {1965},
  publisher = {The British Computer Society}
}

@article{spall1992multivariate,
  author  = {Spall, J.C.},
  journal = {IEEE Transactions on Automatic Control},
  title   = {Multivariate stochastic approximation using a simultaneous perturbation gradient approximation},
  date    = {1992},
  volume  = {37},
  pages   = {332-341},
  doi     = {10.1109/9.119632}
}

@article{platt1998sequential,
  author      = {Platt, John},
  title       = {Sequential Minimal Optimization: A Fast Algorithm for Training Support Vector Machines},
  institution = {Microsoft},
  date        = {1998},
  month       = {April},
  url         = {https://www.microsoft.com/en-us/research/publication/sequential-minimal-optimization-a-fast-algorithm-for-training-support-vector-machines/},
}

@article{kingma2017adam,
  title         = {Adam: A Method for Stochastic Optimization},
  author        = {Diederik P. Kingma and Jimmy Ba},
  date          = {2017},
  eprinttype    = {arxiv},
  eprint        = {1412.6980},
  eprintclass   = {cs},
}

@article{mcardle2019variational,
  title     = {Variational ansatz-based quantum simulation of imaginary time evolution},
  volume    = {5},
  issn      = {2056-6387},
  url       = {http://dx.doi.org/10.1038/s41534-019-0187-2},
  doi       = {10.1038/s41534-019-0187-2},
  journal   = {npj Quantum Information},
  publisher = {Springer Science and Business Media LLC},
  author    = {McArdle, Sam and Jones, Tyson and Endo, Suguru and Li, Ying and Benjamin, Simon C. and Yuan, Xiao},
  date      = {2019-9},
}

@article{georgescu2014quantum,
  title     = {Quantum simulation},
  url       = {https://journals.aps.org/rmp/abstract/10.1103/RevModPhys.86.153},
  author    = {Georgescu, Iulia M and Ashhab, Sahel and Nori, Franco},
  journal   = {Reviews of Modern Physics},
  volume    = {86},
  pages     = {153},
  date      = {2014},
  publisher = {APS}
}

@article{banuls2020simulating,
  title     = {Simulating lattice gauge theories within quantum technologies},
  volume    = {74},
  issn      = {1434-6079},
  url       = {http://dx.doi.org/10.1140/epjd/e2020-100571-8},
  doi       = {10.1140/epjd/e2020-100571-8},
  journal   = {The European Physical Journal D},
  publisher = {Springer Science and Business Media LLC},
  author    = {Bañuls, Mari Carmen and Blatt, Rainer and Catani, Jacopo and Celi, Alessio and Cirac, Juan Ignacio and Dalmonte, Marcello and Fallani, Leonardo and Jansen, Karl and Lewenstein, Maciej and Montangero, Simone and Muschik, Christine A. and Reznik, Benni and Rico, Enrique and Tagliacozzo, Luca and Van Acoleyen, Karel and Verstraete, Frank and Wiese, Uwe-Jens and Wingate, Matthew and Zakrzewski, Jakub and Zoller, Peter},
  date      = {2020}
}

@article{sharma2020noise,
  title     = {Noise resilience of variational quantum compiling},
  url       = {https://iopscience.iop.org/article/10.1088/1367-2630/ab784c},
  author    = {Sharma, Kunal and Khatri, Sumeet and Cerezo, Marco and Coles, Patrick J},
  journal   = {New Journal of Physics},
  volume    = {22},
  pages     = {043006},
  date      = {2020},
  publisher = {IOP Publishing}
}

@article{khatri2019quantum-assisted,
  title     = {Quantum-assisted quantum compiling},
  volume    = {3},
  issn      = {2521-327X},
  url       = {http://dx.doi.org/10.22331/q-2019-05-13-140},
  doi       = {10.22331/q-2019-05-13-140},
  journal   = {Quantum},
  publisher = {Verein zur Forderung des Open Access Publizierens in den Quantenwissenschaften},
  author    = {Khatri, Sumeet and LaRose, Ryan and Poremba, Alexander and Cincio, Lukasz and Sornborger, Andrew T. and Coles, Patrick J.},
  date      = {2019-5},
  pages     = {140}
}

@article{deutsch1985quantum,
  title        = {Quantum theory, the Church–Turing principle and the universal quantum computer},
  volume       = {400},
  issn         = {0080-4630},
  url          = {https://royalsocietypublishing.org/doi/10.1098/rspa.1985.0070},
  doi          = {10.1098/rspa.1985.0070},
  pages        = {97--117},
  journaltitle = {Proc. R. Soc. Lond. A},
  date         = {1985-07-08},
  langid       = {english}
}

@article{feynman1982simulating,
  title   = {Simulating physics with computers},
  url     = {https://link.springer.com/article/10.1007/BF02650179},
  author  = {Feynman, Richard P and others},
  journal = {International Journal of Theoretical Physics},
  volume  = {21},
  pages   = {467--488},
  date    = {1982}
}

@article{shor1997polynomial-time,
  title        = {Polynomial-Time Algorithms for Prime Factorization and Discrete Logarithms on a Quantum Computer},
  volume       = {26},
  issn         = {0097-5397, 1095-7111},
  url          = {http://arxiv.org/abs/quant-ph/9508027},
  doi          = {10.1137/S0097539795293172},
  pages        = {1484--1509},
  journaltitle = {{SIAM} J. Comput.},
  author       = {Shor, Peter W.},
  date         = {1997-10},
  langid       = {english},
  eprinttype   = {arxiv},
  eprint       = {quant-ph/9508027},
  keywords     = {Quantum Physics}
}

@article{shaydulin2022importance,
  title     = {Importance of kernel bandwidth in quantum machine learning},
  volume    = {106},
  issn      = {2469-9934},
  url       = {http://dx.doi.org/10.1103/PhysRevA.106.042407},
  doi       = {10.1103/physreva.106.042407},
  number    = {4},
  journal   = {Physical Review A},
  publisher = {American Physical Society (APS)},
  author    = {Shaydulin, Ruslan and Wild, Stefan M.},
  date      = {2022-10},
}

@article{parrish2019jacobi,
  title         = {A Jacobi Diagonalization and Anderson Acceleration Algorithm For Variational Quantum Algorithm Parameter Optimization},
  author        = {Robert M. Parrish and Joseph T. Iosue and Asier Ozaeta and Peter L. McMahon},
  date          = {2019},
  eprint        = {1904.03206},
  eprinttype    = {arxiv},
  eprintclass = {quant-ph},
}

@article{yuan2019theory,
  doi       = {10.22331/q-2019-10-07-191},
  url       = {https://doi.org/10.22331/q-2019-10-07-191},
  title     = {Theory of variational quantum simulation},
  author    = {Yuan, Xiao and Endo, Suguru and Zhao, Qi and Li, Ying and Benjamin, Simon C.},
  journal   = {{Quantum}},
  issn      = {2521-327X},
  publisher = {{Verein zur F{\"{o}}rderung des Open Access Publizierens in den Quantenwissenschaften}},
  volume    = {3},
  pages     = {191},
  date      = {2019-10}
}

@inproceedings{grover1996fast,
  title     = {A fast quantum mechanical algorithm for database search},
  url       = {https://dl.acm.org/doi/abs/10.1145/237814.237866},
  author    = {Grover, Lov K},
  booktitle = {Proceedings of the twenty-eighth annual ACM symposium on Theory of computing},
  pages     = {212--219},
  date      = {1996}
}

@article{1985quantum,
  title = {Quantum Theory, the {{Church}}–{{Turing}} Principle and the Universal Quantum Computer},
  date = {1985-07-08},
  journaltitle = {Proceedings of the Royal Society of London. A. Mathematical and Physical Sciences},
  shortjournal = {Proc. R. Soc. Lond. A},
  volume = {400},
  number = {1818},
  pages = {97--117},
  issn = {0080-4630},
  doi = {10.1098/rspa.1985.0070},
  langid = {english}
}

@article{aaronsonquantum,
  title = {Quantum {{Machine Learning Algorithms}}: {{Read}} the {{Fine Print}}},
  author = {Aaronson, Scott},
  langid = {english}
}

@article{adamapplications,
  title = {Applications of {{Unitary}} K-Designs in {{Quantum Information Processing}}},
  author = {Adam, Bc Martin},
  pages = {60},
  langid = {english}
}

@online{aharonov1998quantum,
  title = {Quantum {{Circuits}} with {{Mixed States}}},
  author = {Aharonov, Dorit and Kitaev, Alexei and Nisan, Noam},
  date = {1998-06-08},
  eprint = {quant-ph/9806029},
  eprinttype = {arxiv},
  url = {http://arxiv.org/abs/quant-ph/9806029},
  langid = {english},
  pubstate = {preprint},
  keywords = {Quantum Physics}
}

@online{alleviating,
  title = {Alleviating Barren Plateaus with Local Cost Functions — {{PennyLane}}},
  url = {https://pennylane.ai/qml/demos/tutorial_local_cost_functions.html},
}

@online{alvi2022quantum,
  title = {Quantum {{Anomaly Detection}} for {{Collider Physics}}},
  author = {Alvi, Sulaiman and Bauer, Christian and Nachman, Benjamin},
  date = {2022-06-16},
  eprint = {2206.08391},
  eprinttype = {arxiv},
  eprintclass = {hep-ex, physics:hep-ph, physics:physics, physics:quant-ph},
  url = {http://arxiv.org/abs/2206.08391},
  langid = {english},
  pubstate = {preprint},
  keywords = {High Energy Physics - Experiment,High Energy Physics - Phenomenology,{Physics - Data Analysis, Statistics and Probability},Quantum Physics}
}

@article{amankwah2022quantum,
  title = {Quantum Pixel Representations and Compression for {{N-dimensional}} Images},
  author = {Amankwah, Mercy G. and Camps, Daan and Bethel, E. Wes and Van Beeumen, Roel and Perciano, Talita},
  date = {2022-12},
  journaltitle = {Scientific Reports},
  shortjournal = {Sci Rep},
  volume = {12},
  number = {1},
  pages = {7712},
  issn = {2045-2322},
  doi = {10.1038/s41598-022-11024-y},
  langid = {english}
}

@book{amari2016information,
  title = {Information {{Geometry}} and {{Its Applications}}},
  author = {Amari, Shun-ichi},
  date = {2016},
  series = {Applied {{Mathematical Sciences}}},
  volume = {194},
  publisher = {{Springer Japan}},
  location = {{Tokyo}},
  doi = {10.1007/978-4-431-55978-8},
  isbn = {978-4-431-55977-1 978-4-431-55978-8},
  langid = {english}
}

@online{androulakis2022quantum,
  title = {Quantum F-Divergences via {{Nussbaum-Szko}}\{\textbackslash l\}a {{Distributions}} with Applications to {{Petz-R}}\textbackslash 'enyi and von {{Neumann Relative Entropy}}},
  author = {Androulakis, George and John, Tiju Cherian},
  date = {2022-04-28},
  eprint = {2203.01964},
  eprinttype = {arxiv},
  eprintclass = {math-ph, physics:quant-ph},
  url = {http://arxiv.org/abs/2203.01964},
  langid = {english},
  pubstate = {preprint},
  keywords = {{81P17, 81P99},Mathematical Physics,Mathematics - Operator Algebras,Quantum Physics}
}

@article{anschuetz2022barren,
  title = {Beyond {{Barren Plateaus}}: {{Quantum Variational Algorithms Are Swamped With Traps}}},
  shorttitle = {Beyond {{Barren Plateaus}}},
  author = {Anschuetz, Eric R. and Kiani, Bobak T.},
  date = {2022-12-15},
  journaltitle = {Nature Communications},
  shortjournal = {Nat Commun},
  volume = {13},
  number = {1},
  eprint = {2205.05786},
  eprinttype = {arxiv},
  eprintclass = {quant-ph},
  pages = {7760},
  issn = {2041-1723},
  doi = {10.1038/s41467-022-35364-5},
  langid = {english},
  keywords = {Quantum Physics}
}

@article{arrasmith2021effect,
  title = {Effect of Barren Plateaus on Gradient-Free Optimization},
  author = {Arrasmith, Andrew and Cerezo, M. and Czarnik, Piotr and Cincio, Lukasz and Coles, Patrick J.},
  date = {2021-10-05},
  journaltitle = {Quantum},
  shortjournal = {Quantum},
  volume = {5},
  eprint = {2011.12245},
  eprinttype = {arxiv},
  eprintclass = {quant-ph, stat},
  pages = {558},
  issn = {2521-327X},
  doi = {10.22331/q-2021-10-05-558},
  langid = {english},
  keywords = {Computer Science - Machine Learning,Quantum Physics,Statistics - Machine Learning}
}

@article{arrasmith2022equivalence,
  title = {Equivalence of Quantum Barren Plateaus to Cost Concentration and Narrow Gorges},
  author = {Arrasmith, Andrew and Holmes, Zoë and Cerezo, M. and Coles, Patrick J.},
  date = {2022-10-01},
  journaltitle = {Quantum Science and Technology},
  shortjournal = {Quantum Sci. Technol.},
  volume = {7},
  number = {4},
  eprint = {2104.05868},
  eprinttype = {arxiv},
  eprintclass = {quant-ph},
  pages = {045015},
  issn = {2058-9565},
  doi = {10.1088/2058-9565/ac7d06},
  langid = {english},
  keywords = {Computer Science - Machine Learning,Quantum Physics}
}

@article{arute2019quantum,
  title = {Quantum Supremacy Using a Programmable Superconducting Processor},
  author = {Arute, Frank and Arya, Kunal and Babbush, Ryan and Bacon, Dave and Bardin, Joseph C. and Barends, Rami and Biswas, Rupak and Boixo, Sergio and Brandao, Fernando G. S. L. and Buell, David A. and Burkett, Brian and Chen, Yu and Chen, Zijun and Chiaro, Ben and Collins, Roberto and Courtney, William and Dunsworth, Andrew and Farhi, Edward and Foxen, Brooks and Fowler, Austin and Gidney, Craig and Giustina, Marissa and Graff, Rob and Guerin, Keith and Habegger, Steve and Harrigan, Matthew P. and Hartmann, Michael J. and Ho, Alan and Hoffmann, Markus and Huang, Trent and Humble, Travis S. and Isakov, Sergei V. and Jeffrey, Evan and Jiang, Zhang and Kafri, Dvir and Kechedzhi, Kostyantyn and Kelly, Julian and Klimov, Paul V. and Knysh, Sergey and Korotkov, Alexander and Kostritsa, Fedor and Landhuis, David and Lindmark, Mike and Lucero, Erik and Lyakh, Dmitry and Mandrà, Salvatore and McClean, Jarrod R. and McEwen, Matthew and Megrant, Anthony and Mi, Xiao and Michielsen, Kristel and Mohseni, Masoud and Mutus, Josh and Naaman, Ofer and Neeley, Matthew and Neill, Charles and Niu, Murphy Yuezhen and Ostby, Eric and Petukhov, Andre and Platt, John C. and Quintana, Chris and Rieffel, Eleanor G. and Roushan, Pedram and Rubin, Nicholas C. and Sank, Daniel and Satzinger, Kevin J. and Smelyanskiy, Vadim and Sung, Kevin J. and Trevithick, Matthew D. and Vainsencher, Amit and Villalonga, Benjamin and White, Theodore and Yao, Z. Jamie and Yeh, Ping and Zalcman, Adam and Neven, Hartmut and Martinis, John M.},
  date = {2019-10-24},
  journaltitle = {Nature},
  shortjournal = {Nature},
  volume = {574},
  number = {7779},
  pages = {505--510},
  issn = {0028-0836, 1476-4687},
  doi = {10.1038/s41586-019-1666-5},
  langid = {english}
}

@online{ballarin2022entanglement,
  title = {Entanglement Entropy Production in {{Quantum Neural Networks}}},
  author = {Ballarin, Marco and Mangini, Stefano and Montangero, Simone and Macchiavello, Chiara and Mengoni, Riccardo},
  date = {2022-06-06},
  eprint = {2206.02474},
  eprinttype = {arxiv},
  eprintclass = {quant-ph},
  url = {http://arxiv.org/abs/2206.02474},
  langid = {english},
  pubstate = {preprint},
  keywords = {Quantum Physics}
}

@article{banchi2021generalization,
  title = {Generalization in {{Quantum Machine Learning}}: A {{Quantum Information Perspective}}},
  shorttitle = {Generalization in {{Quantum Machine Learning}}},
  author = {Banchi, Leonardo and Pereira, Jason and Pirandola, Stefano},
  date = {2021-11-01},
  journaltitle = {PRX Quantum},
  shortjournal = {PRX Quantum},
  volume = {2},
  number = {4},
  eprint = {2102.08991},
  eprinttype = {arxiv},
  eprintclass = {quant-ph, stat},
  pages = {040321},
  issn = {2691-3399},
  doi = {10.1103/PRXQuantum.2.040321},
  langid = {english},
  keywords = {Computer Science - Machine Learning,Quantum Physics,Statistics - Machine Learning}
}

@online{barnes2018quantum,
  title = {Quantum {{Thermodynamics}}, {{Entropy}} of the {{Universe}}, {{Free Energy}}, and the {{Second Law}}},
  author = {Barnes, George L. and Lotshaw, Phillip C. and Kellman, Michael E.},
  date = {2018-10-23},
  eprint = {1511.06176},
  eprinttype = {arxiv},
  eprintclass = {quant-ph},
  url = {http://arxiv.org/abs/1511.06176},
  langid = {english},
  pubstate = {preprint},
  keywords = {Quantum Physics}
}

@online{barthe2023gradients,
  title = {Gradients and Frequency Profiles of Quantum Re-Uploading Models},
  author = {Barthe, Alice and Pérez-Salinas, Adrián},
  date = {2023-11-17},
  eprint = {2311.10822},
  eprinttype = {arxiv},
  eprintclass = {quant-ph},
  url = {http://arxiv.org/abs/2311.10822},
  langid = {english},
  pubstate = {preprint},
  keywords = {Quantum Physics}
}

@unpublished{bausch2020recurrent,
  title = {Recurrent {{Quantum Neural Networks}}},
  author = {Bausch, Johannes},
  date = {2020-06-25},
  eprint = {2006.14619},
  eprinttype = {arxiv},
  eprintclass = {quant-ph, stat},
  url = {http://arxiv.org/abs/2006.14619},
  keywords = {Computer Science - Machine Learning,Quantum Physics,Statistics - Machine Learning}
}

@article{beer2020training,
  title = {Training Deep Quantum Neural Networks},
  author = {Beer, Kerstin and Bondarenko, Dmytro and Farrelly, Terry and Osborne, Tobias J. and Salzmann, Robert and Scheiermann, Daniel and Wolf, Ramona},
  date = {2020-12},
  journaltitle = {Nature Communications},
  shortjournal = {Nat Commun},
  volume = {11},
  number = {1},
  pages = {808},
  issn = {2041-1723},
  doi = {10.1038/s41467-020-14454-2},
  langid = {english}
}

@unpublished{beer2022quantum,
  title = {Quantum neural networks},
  author = {Beer, Kerstin},
  date = {2022},
  eprint = {2205.08154},
  eprinttype = {arxiv},
  eprintclass = {quant-ph},
  doi = {10.15488/11896},
  langid = {ngerman},
  keywords = {Quantum Physics}
}

@article{benedetti2019erratum,
  title = {Erratum: {{Parameterized}} Quantum Circuits as Machine Learning Models (2019 {{{\emph{Quant}}}}{\emph{. }}{{{\emph{Sci}}}}{\emph{. }}{{{\emph{Tech}}}}{\emph{.}} {\textbf{4}} 043001)},
  shorttitle = {Erratum},
  author = {Benedetti, Marcello and Lloyd, Erika and Sack, Stefan and Fiorentini, Mattia},
  date = {2019-12-04},
  journaltitle = {Quantum Science and Technology},
  shortjournal = {Quantum Sci. Technol.},
  volume = {5},
  number = {1},
  pages = {019601},
  issn = {2058-9565},
  doi = {10.1088/2058-9565/ab5944},
  langid = {english}
}

@article{benedetti2019parameterized,
  title = {Parameterized Quantum Circuits as Machine Learning Models},
  author = {Benedetti, Marcello and Lloyd, Erika and Sack, Stefan and Fiorentini, Mattia},
  date = {2019-11-01},
  journaltitle = {Quantum Science and Technology},
  shortjournal = {Quantum Sci. Technol.},
  volume = {4},
  number = {4},
  eprint = {1906.07682},
  eprinttype = {arxiv},
  eprintclass = {quant-ph},
  pages = {043001},
  issn = {2058-9565},
  doi = {10.1088/2058-9565/ab4eb5},
  langid = {english},
  keywords = {Computer Science - Machine Learning,Quantum Physics}
}

@article{benioff1980computer,
  title = {The Computer as a Physical System: {{A}} Microscopic Quantum Mechanical {{Hamiltonian}} Model of Computers as Represented by {{Turing}} Machines},
  shorttitle = {The Computer as a Physical System},
  author = {Benioff, Paul},
  date = {1980-05},
  journaltitle = {Journal of Statistical Physics},
  shortjournal = {J Stat Phys},
  volume = {22},
  number = {5},
  pages = {563--591},
  issn = {0022-4715, 1572-9613},
  doi = {10.1007/BF01011339},
  langid = {english}
}

@online{bermejo2023improving,
  title = {Improving {{Gradient Methods}} via {{Coordinate Transformations}}: {{Applications}} to {{Quantum Machine Learning}}},
  shorttitle = {Improving {{Gradient Methods}} via {{Coordinate Transformations}}},
  author = {Bermejo, Pablo and Aizpurua, Borja and Orus, Roman},
  date = {2023-04-13},
  eprint = {2304.06768},
  eprinttype = {arxiv},
  eprintclass = {quant-ph},
  url = {http://arxiv.org/abs/2304.06768},
  langid = {english},
  pubstate = {preprint},
  keywords = {Computer Science - Machine Learning,Quantum Physics}
}

@online{bermot2023quantum,
  title = {Quantum {{Generative Adversarial Networks For Anomaly Detection In High Energy Physics}}},
  author = {Bermot, Elie and Zoufal, Christa and Grossi, Michele and Schuhmacher, Julian and Tacchino, Francesco and Vallecorsa, Sofia and Tavernelli, Ivano},
  date = {2023-04-27},
  eprint = {2304.14439},
  eprinttype = {arxiv},
  eprintclass = {hep-ex, physics:quant-ph},
  url = {http://arxiv.org/abs/2304.14439},
  langid = {english},
  pubstate = {preprint},
  keywords = {High Energy Physics - Experiment,Quantum Physics}
}

@online{bernardini2023quantum,
  title = {Quantum Computing with Trapped Ions: A Beginner's Guide},
  shorttitle = {Quantum Computing with Trapped Ions},
  author = {Bernardini, Francesco and Chakraborty, Abhijit and Ordóñez, Carlos},
  date = {2023-03-28},
  eprint = {2303.16358},
  eprinttype = {arxiv},
  eprintclass = {cond-mat, physics:physics, physics:quant-ph},
  url = {http://arxiv.org/abs/2303.16358},
  langid = {english},
  pubstate = {preprint},
  keywords = {Condensed Matter - Other Condensed Matter,Physics - Atomic Physics,Quantum Physics}
}

@online{berquin2023bayesian,
  title = {Bayesian Statistical Learning Using Density Operators},
  author = {Berquin, Yann},
  date = {2023-01-17},
  eprint = {2212.14715},
  eprinttype = {arxiv},
  eprintclass = {quant-ph, stat},
  url = {http://arxiv.org/abs/2212.14715},
  langid = {english},
  pubstate = {preprint},
  keywords = {Computer Science - Machine Learning,Mathematics - Statistics Theory,Quantum Physics}
}

@article{bharti2022noisy,
  title = {Noisy Intermediate-Scale Quantum ({{NISQ}}) Algorithms},
  author = {Bharti, Kishor and Cervera-Lierta, Alba and Kyaw, Thi Ha and Haug, Tobias and Alperin-Lea, Sumner and Anand, Abhinav and Degroote, Matthias and Heimonen, Hermanni and Kottmann, Jakob S. and Menke, Tim and Mok, Wai-Keong and Sim, Sukin and Kwek, Leong-Chuan and Aspuru-Guzik, Alán},
  date = {2022-02-15},
  journaltitle = {Reviews of Modern Physics},
  shortjournal = {Rev. Mod. Phys.},
  volume = {94},
  number = {1},
  eprint = {2101.08448},
  eprinttype = {arxiv},
  pages = {015004},
  issn = {0034-6861, 1539-0756},
  doi = {10.1103/RevModPhys.94.015004},
  langid = {english},
  keywords = {Computer Science - Artificial Intelligence,Computer Science - Machine Learning,Condensed Matter - Statistical Mechanics,Quantum Physics}
}

@article{biamonte2017quantum,
  title = {Quantum Machine Learning},
  author = {Biamonte, Jacob and Wittek, Peter and Pancotti, Nicola and Rebentrost, Patrick and Wiebe, Nathan and Lloyd, Seth},
  date = {2017-09},
  journaltitle = {Nature},
  shortjournal = {Nature},
  volume = {549},
  number = {7671},
  pages = {195--202},
  issn = {0028-0836, 1476-4687},
  doi = {10.1038/nature23474},
  langid = {english}
}

@online{blekos2023review,
  title = {A {{Review}} on {{Quantum Approximate Optimization Algorithm}} and Its {{Variants}}},
  author = {Blekos, Kostas and Brand, Dean and Ceschini, Andrea and Chou, Chiao-Hui and Li, Rui-Hao and Pandya, Komal and Summer, Alessandro},
  date = {2023-06-26},
  eprint = {2306.09198},
  eprinttype = {arxiv},
  eprintclass = {quant-ph},
  doi = {10.48550/arXiv.2306.09198},
  pubstate = {preprint},
  keywords = {Quantum Physics}
}

@article{brasil2013simple,
  title = {A Simple Derivation of the {{Lindblad}} Equation},
  author = {Brasil, Carlos Alexandre and Fanchini, Felipe Fernandes and Napolitano, Reginaldo de Jesus},
  date = {2013-03},
  journaltitle = {Revista Brasileira de Ensino de Física},
  shortjournal = {Rev. Bras. Ensino Fís.},
  volume = {35},
  number = {1},
  eprint = {1110.2122},
  eprinttype = {arxiv},
  pages = {01--09},
  issn = {1806-9126, 1806-1117},
  doi = {10.1590/S1806-11172013000100003},
  langid = {english},
  keywords = {Quantum Physics}
}

@article{bravyi2022future,
  title = {The {{Future}} of {{Quantum Computing}} with {{Superconducting Qubits}}},
  author = {Bravyi, Sergey and Dial, Oliver and Gambetta, Jay M. and Gil, Dario and Nazario, Zaira},
  date = {2022-10-28},
  journaltitle = {Journal of Applied Physics},
  shortjournal = {Journal of Applied Physics},
  volume = {132},
  number = {16},
  eprint = {2209.06841},
  eprinttype = {arxiv},
  eprintclass = {quant-ph},
  pages = {160902},
  issn = {0021-8979, 1089-7550},
  doi = {10.1063/5.0082975},
  keywords = {Quantum Physics}
}

@article{bremner2009are,
  title = {Are {{Random Pure States Useful}} for {{Quantum Computation}}?},
  author = {Bremner, Michael J. and Mora, Caterina and Winter, Andreas},
  date = {2009-05-11},
  journaltitle = {Physical Review Letters},
  shortjournal = {Phys. Rev. Lett.},
  volume = {102},
  number = {19},
  pages = {190502},
  issn = {0031-9007, 1079-7114},
  doi = {10.1103/PhysRevLett.102.190502},
  langid = {english}
}

@article{bu2022statistical,
  title = {On the Statistical Complexity of Quantum Circuits},
  author = {Bu, Kaifeng and Koh, Dax Enshan and Li, Lu and Luo, Qingxian and Zhang, Yaobo},
  date = {2022-06-17},
  journaltitle = {Physical Review A},
  shortjournal = {Phys. Rev. A},
  volume = {105},
  number = {6},
  eprint = {2101.06154},
  eprinttype = {arxiv},
  eprintclass = {quant-ph, stat},
  pages = {062431},
  issn = {2469-9926, 2469-9934},
  doi = {10.1103/PhysRevA.105.062431},
  keywords = {Computer Science - Machine Learning,Quantum Physics,Statistics - Machine Learning}
}

@article{bu2023effects,
  title = {Effects of Quantum Resources on the Statistical Complexity of Quantum Circuits},
  author = {Bu, Kaifeng and Koh, Dax Enshan and Li, Lu and Luo, Qingxian and Zhang, Yaobo},
  date = {2023-04-01},
  journaltitle = {Quantum Science and Technology},
  shortjournal = {Quantum Sci. Technol.},
  volume = {8},
  number = {2},
  eprint = {2102.03282},
  eprinttype = {arxiv},
  eprintclass = {quant-ph, stat},
  pages = {025013},
  issn = {2058-9565},
  doi = {10.1088/2058-9565/acb56a},
  langid = {english},
  keywords = {Computer Science - Machine Learning,Quantum Physics,Statistics - Machine Learning}
}

@online{canatar2023bandwidth,
  title = {Bandwidth {{Enables Generalization}} in {{Quantum Kernel Models}}},
  author = {Canatar, Abdulkadir and Peters, Evan and Pehlevan, Cengiz and Wild, Stefan M. and Shaydulin, Ruslan},
  date = {2023-06-18},
  eprint = {2206.06686},
  eprinttype = {arxiv},
  eprintclass = {quant-ph},
  url = {http://arxiv.org/abs/2206.06686},
  langid = {english},
  pubstate = {preprint},
  keywords = {Computer Science - Machine Learning,Quantum Physics}
}

@article{caro2021encodingdependent,
  title = {Encoding-Dependent Generalization Bounds for Parametrized Quantum Circuits},
  author = {Caro, Matthias C. and Gil-Fuster, Elies and Meyer, Johannes Jakob and Eisert, Jens and Sweke, Ryan},
  date = {2021-11-17},
  journaltitle = {Quantum},
  shortjournal = {Quantum},
  volume = {5},
  eprint = {2106.03880},
  eprinttype = {arxiv},
  eprintclass = {quant-ph, stat},
  pages = {582},
  issn = {2521-327X},
  doi = {10.22331/q-2021-11-17-582},
  langid = {english},
  keywords = {Computer Science - Information Theory,Quantum Physics,Statistics - Machine Learning}
}

@unpublished{caro2021generalization,
  title = {Generalization in Quantum Machine Learning from Few Training Data},
  author = {Caro, Matthias C. and Huang, Hsin-Yuan and Cerezo, M. and Sharma, Kunal and Sornborger, Andrew and Cincio, Lukasz and Coles, Patrick J.},
  date = {2021-11-09},
  eprint = {2111.05292},
  eprinttype = {arxiv},
  eprintclass = {quant-ph, stat},
  url = {http://arxiv.org/abs/2111.05292},
  langid = {english},
  keywords = {Computer Science - Machine Learning,Quantum Physics,Statistics - Machine Learning}
}

@online{caro2022outofdistribution,
  title = {Out-of-Distribution Generalization for Learning Quantum Dynamics},
  author = {Caro, Matthias C. and Huang, Hsin-Yuan and Ezzell, Nicholas and Gibbs, Joe and Sornborger, Andrew T. and Cincio, Lukasz and Coles, Patrick J. and Holmes, Zoë},
  date = {2022-10-28},
  eprint = {2204.10268},
  eprinttype = {arxiv},
  eprintclass = {quant-ph, stat},
  url = {http://arxiv.org/abs/2204.10268},
  langid = {english},
  pubstate = {preprint},
  keywords = {Computer Science - Machine Learning,Quantum Physics,Statistics - Machine Learning}
}

@article{cerezo2021cost,
  title = {Cost Function Dependent Barren Plateaus in Shallow Parametrized Quantum Circuits},
  author = {Cerezo, M. and Sone, Akira and Volkoff, Tyler and Cincio, Lukasz and Coles, Patrick J.},
  date = {2021-12},
  journaltitle = {Nature Communications},
  shortjournal = {Nat Commun},
  volume = {12},
  number = {1},
  pages = {1791},
  issn = {2041-1723},
  doi = {10.1038/s41467-021-21728-w},
  langid = {english}
}

@article{cerezo2021higher,
  title = {Higher {{Order Derivatives}} of {{Quantum Neural Networks}} with {{Barren Plateaus}}},
  author = {Cerezo, M. and Coles, Patrick J.},
  date = {2021-07-01},
  journaltitle = {Quantum Science and Technology},
  shortjournal = {Quantum Sci. Technol.},
  volume = {6},
  number = {3},
  eprint = {2008.07454},
  eprinttype = {arxiv},
  eprintclass = {quant-ph},
  pages = {035006},
  issn = {2058-9565},
  doi = {10.1088/2058-9565/abf51a},
  keywords = {Quantum Physics}
}

@article{cerezo2021variational,
  title = {Variational {{Quantum Algorithms}}},
  author = {Cerezo, M. and Arrasmith, Andrew and Babbush, Ryan and Benjamin, Simon C. and Endo, Suguru and Fujii, Keisuke and McClean, Jarrod R. and Mitarai, Kosuke and Yuan, Xiao and Cincio, Lukasz and Coles, Patrick J.},
  date = {2021-09},
  journaltitle = {Nature Reviews Physics},
  shortjournal = {Nat Rev Phys},
  volume = {3},
  number = {9},
  eprint = {2012.09265},
  eprinttype = {arxiv},
  pages = {625--644},
  issn = {2522-5820},
  doi = {10.1038/s42254-021-00348-9},
  langid = {english},
  keywords = {Computer Science - Machine Learning,Quantum Physics,Statistics - Machine Learning}
}

@article{cerezo2022challenges,
  title = {Challenges and {{Opportunities}} in {{Quantum Machine Learning}}},
  author = {Cerezo, M. and Verdon, Guillaume and Huang, Hsin-Yuan and Cincio, Lukasz and Coles, Patrick J.},
  date = {2022-09-15},
  journaltitle = {Nature Computational Science},
  shortjournal = {Nat Comput Sci},
  volume = {2},
  number = {9},
  eprint = {2303.09491},
  eprinttype = {arxiv},
  eprintclass = {quant-ph, stat},
  pages = {567--576},
  issn = {2662-8457},
  doi = {10.1038/s43588-022-00311-3},
  langid = {english},
  keywords = {Computer Science - Machine Learning,Quantum Physics,Statistics - Machine Learning}
}

@online{cerezo2023does,
  title = {Does Provable Absence of Barren Plateaus Imply Classical Simulability? {{Or}}, Why We Need to Rethink Variational Quantum Computing},
  shorttitle = {Does Provable Absence of Barren Plateaus Imply Classical Simulability?},
  author = {Cerezo, M. and Larocca, Martin and García-Martín, Diego and Diaz, N. L. and Braccia, Paolo and Fontana, Enrico and Rudolph, Manuel S. and Bermejo, Pablo and Ijaz, Aroosa and Thanasilp, Supanut and Anschuetz, Eric R. and Holmes, Zoë},
  date = {2023-12-14},
  eprint = {2312.09121},
  eprinttype = {arxiv},
  eprintclass = {quant-ph, stat},
  url = {http://arxiv.org/abs/2312.09121},
  langid = {english},
  pubstate = {preprint},
  keywords = {Computer Science - Machine Learning,Quantum Physics,Statistics - Machine Learning}
}

@online{chen2022quantum,
  title = {The {{Quantum Fourier Transform Has Small Entanglement}}},
  author = {Chen, Jielun and Stoudenmire, E. M. and White, Steven R.},
  date = {2022-12-31},
  eprint = {2210.08468},
  eprinttype = {arxiv},
  eprintclass = {quant-ph},
  url = {http://arxiv.org/abs/2210.08468},
  langid = {english},
  pubstate = {preprint},
  keywords = {Quantum Physics}
}

@article{cirstoiu2020variational,
  title = {Variational {{Fast Forwarding}} for {{Quantum Simulation Beyond}} the {{Coherence Time}}},
  author = {Cirstoiu, Cristina and Holmes, Zoe and Iosue, Joseph and Cincio, Lukasz and Coles, Patrick J. and Sornborger, Andrew},
  date = {2020-09-18},
  journaltitle = {npj Quantum Information},
  shortjournal = {npj Quantum Inf},
  volume = {6},
  number = {1},
  eprint = {1910.04292},
  eprinttype = {arxiv},
  eprintclass = {quant-ph},
  pages = {82},
  issn = {2056-6387},
  doi = {10.1038/s41534-020-00302-0},
  langid = {english},
  keywords = {Quantum Physics}
}

@article{coles2019strong,
  title = {Strong Bound between Trace Distance and {{Hilbert-Schmidt}} Distance for Low-Rank States},
  author = {Coles, Patrick J. and Cerezo, M. and Cincio, Lukasz},
  date = {2019-08-06},
  journaltitle = {Physical Review A},
  shortjournal = {Phys. Rev. A},
  volume = {100},
  number = {2},
  eprint = {1903.11738},
  eprinttype = {arxiv},
  eprintclass = {math-ph, physics:quant-ph},
  pages = {022103},
  issn = {2469-9926, 2469-9934},
  doi = {10.1103/PhysRevA.100.022103},
  keywords = {Mathematical Physics,Quantum Physics}
}

@article{cong2019quantum,
  title = {Quantum {{Convolutional Neural Networks}}},
  author = {Cong, Iris and Choi, Soonwon and Lukin, Mikhail D.},
  date = {2019-12},
  journaltitle = {Nature Physics},
  shortjournal = {Nat. Phys.},
  volume = {15},
  number = {12},
  eprint = {1810.03787},
  eprinttype = {arxiv},
  eprintclass = {cond-mat, physics:quant-ph},
  pages = {1273--1278},
  issn = {1745-2473, 1745-2481},
  doi = {10.1038/s41567-019-0648-8},
  langid = {english},
  keywords = {Condensed Matter - Strongly Correlated Electrons,Quantum Physics}
}

@article{cuiachieving,
  title = {Achieving a Significant Speedup for Quantum Image Filtering},
  author = {Cui, Zidong and Jin, Shan and Sone, Akira and Wang, Xiaoting},
  langid = {english}
}

@article{dankert2009exact,
  title = {Exact and {{Approximate Unitary}} 2-{{Designs}}: {{Constructions}} and {{Applications}}},
  shorttitle = {Exact and {{Approximate Unitary}} 2-{{Designs}}},
  author = {Dankert, Christoph and Cleve, Richard and Emerson, Joseph and Livine, Etera},
  date = {2009-07-06},
  journaltitle = {Physical Review A},
  shortjournal = {Phys. Rev. A},
  volume = {80},
  number = {1},
  eprint = {quant-ph/0606161},
  eprinttype = {arxiv},
  pages = {012304},
  issn = {1050-2947, 1094-1622},
  doi = {10.1103/PhysRevA.80.012304},
  langid = {english},
  keywords = {Quantum Physics}
}

@online{das2023quantumizing,
  title = {Quantumizing {{Classical Games}}: {{An Introduction}} to {{Quantum Game Theory}}},
  shorttitle = {Quantumizing {{Classical Games}}},
  author = {Das, Sowmitra},
  date = {2023-04-29},
  eprint = {2305.00368},
  eprinttype = {arxiv},
  eprintclass = {quant-ph},
  url = {http://arxiv.org/abs/2305.00368},
  langid = {english},
  pubstate = {preprint},
  keywords = {Quantum Physics}
}

@online{delejarza2023quantum,
  title = {Quantum {{Fourier Iterative Amplitude Estimation}}},
  author = {de Lejarza, Jorge J. Martínez and Grossi, Michele and Cieri, Leandro and Rodrigo, Germán},
  options = {useprefix=true},
  date = {2023-05-02},
  eprint = {2305.01686},
  eprinttype = {arxiv},
  eprintclass = {hep-ph, physics:quant-ph},
  url = {http://arxiv.org/abs/2305.01686},
  langid = {english},
  pubstate = {preprint},
  keywords = {High Energy Physics - Phenomenology,Quantum Physics}
}

@article{dilip2022data,
  title = {Data Compression for Quantum Machine Learning},
  author = {Dilip, Rohit and Liu, Yu-Jie and Smith, Adam and Pollmann, Frank},
  date = {2022-10-04},
  journaltitle = {Physical Review Research},
  shortjournal = {Phys. Rev. Research},
  volume = {4},
  number = {4},
  eprint = {2204.11170},
  eprinttype = {arxiv},
  eprintclass = {cond-mat, physics:quant-ph},
  pages = {043007},
  issn = {2643-1564},
  doi = {10.1103/PhysRevResearch.4.043007},
  langid = {english},
  keywords = {Condensed Matter - Disordered Systems and Neural Networks,Quantum Physics}
}

@article{dong2008quantum,
  title = {Quantum Reinforcement Learning},
  author = {Dong, Daoyi and Chen, Chunlin and Li, Hanxiong and Tarn, Tzyh-Jong},
  date = {2008-10},
  journaltitle = {IEEE Transactions on Systems, Man, and Cybernetics, Part B (Cybernetics)},
  shortjournal = {IEEE Trans. Syst., Man, Cybern. B},
  volume = {38},
  number = {5},
  eprint = {0810.3828},
  eprinttype = {arxiv},
  eprintclass = {quant-ph},
  pages = {1207--1220},
  issn = {1083-4419},
  doi = {10.1109/TSMCB.2008.925743},
  langid = {english},
  keywords = {Computer Science - Artificial Intelligence,Computer Science - Machine Learning,Quantum Physics}
}

@article{dragomirinequalities,
  title = {{{SOME INEQUALITIES FOR LOGARITHM WITH APPLICATIONS TO WEIGHTED MEANS}}},
  author = {Dragomir, Silvestru Sever},
  pages = {12},
  langid = {english}
}

@online{farhi2014quantum,
  title = {A {{Quantum Approximate Optimization Algorithm}}},
  author = {Farhi, Edward and Goldstone, Jeffrey and Gutmann, Sam},
  date = {2014-11-14},
  eprint = {1411.4028},
  eprinttype = {arxiv},
  eprintclass = {quant-ph},
  doi = {10.48550/arXiv.1411.4028},
  pubstate = {preprint},
  keywords = {Quantum Physics}
}

@online{farhi2018classification,
  title = {Classification with {{Quantum Neural Networks}} on {{Near Term Processors}}},
  author = {Farhi, Edward and Neven, Hartmut},
  date = {2018-08-30},
  eprint = {1802.06002},
  eprinttype = {arxiv},
  eprintclass = {quant-ph},
  doi = {10.48550/arXiv.1802.06002},
  pubstate = {preprint},
  keywords = {Quantum Physics}
}

@article{fisher2017are,
  title = {Are We Quantum Computers, or Merely Clever Robots?},
  author = {Fisher, Matthew P. A.},
  date = {2017-03-20},
  journaltitle = {International Journal of Modern Physics B},
  shortjournal = {Int. J. Mod. Phys. B},
  volume = {31},
  number = {07},
  pages = {1743001},
  issn = {0217-9792, 1793-6578},
  doi = {10.1142/S0217979217430019},
  langid = {english}
}

@online{friedrich2022restricting,
  title = {Restricting to the Chip Architecture Maintains the Quantum Neural Network Accuracy, If the Parameterization Is a \$2\$-Design},
  author = {Friedrich, Lucas and Maziero, Jonas},
  date = {2022-12-29},
  eprint = {2212.14426},
  eprinttype = {arxiv},
  eprintclass = {quant-ph},
  url = {http://arxiv.org/abs/2212.14426},
  langid = {english},
  pubstate = {preprint},
  keywords = {Computer Science - Artificial Intelligence,Computer Science - Machine Learning,Quantum Physics}
}

@article{fukuda2019rtni,
  title = {{{RTNI}} - {{A}} Symbolic Integrator for {{Haar-random}} Tensor Networks},
  author = {Fukuda, Motohisa and Koenig, Robert and Nechita, Ion},
  date = {2019-10-18},
  journaltitle = {Journal of Physics A: Mathematical and Theoretical},
  shortjournal = {J. Phys. A: Math. Theor.},
  volume = {52},
  number = {42},
  eprint = {1902.08539},
  eprinttype = {arxiv},
  eprintclass = {hep-th, physics:math-ph, physics:quant-ph},
  pages = {425303},
  issn = {1751-8113, 1751-8121},
  doi = {10.1088/1751-8121/ab434b},
  langid = {english},
  keywords = {High Energy Physics - Theory,Mathematical Physics,Mathematics - Probability,Quantum Physics}
}

@online{garcia-martin2023deep,
  title = {Deep Quantum Neural Networks Form {{Gaussian}} Processes},
  author = {García-Martín, Diego and Larocca, Martin and Cerezo, M.},
  date = {2023-05-17},
  eprint = {2305.09957},
  eprinttype = {arxiv},
  eprintclass = {quant-ph, stat},
  pubstate = {preprint},
  keywords = {Computer Science - Machine Learning,Quantum Physics,Statistics - Machine Learning}
}


@article{gard2020efficient,
  title = {Efficient {{Symmetry-Preserving State Preparation Circuits}} for the {{Variational Quantum Eigensolver Algorithm}}},
  author = {Gard, Bryan T. and Zhu, Linghua and Barron, George S. and Mayhall, Nicholas J. and Economou, Sophia E. and Barnes, Edwin},
  date = {2020-12},
  journaltitle = {npj Quantum Information},
  shortjournal = {npj Quantum Inf},
  volume = {6},
  number = {1},
  eprint = {1904.10910},
  eprinttype = {arxiv},
  eprintclass = {quant-ph},
  pages = {10},
  issn = {2056-6387},
  doi = {10.1038/s41534-019-0240-1},
  langid = {english},
  keywords = {Quantum Physics}
}

@online{giovagnoli2023qneat,
  title = {{{QNEAT}}: {{Natural Evolution}} of {{Variational Quantum Circuit Architecture}}},
  shorttitle = {{{QNEAT}}},
  author = {Giovagnoli, Alessandro and Ma, Yunpu and Tresp, Volker},
  date = {2023-04-14},
  eprint = {2304.06981},
  eprinttype = {arxiv},
  eprintclass = {quant-ph},
  url = {http://arxiv.org/abs/2304.06981},
  langid = {english},
  pubstate = {preprint},
  keywords = {Quantum Physics}
}

@online{glick2022covariant,
  title = {Covariant Quantum Kernels for Data with Group Structure},
  author = {Glick, Jennifer R. and Gujarati, Tanvi P. and Corcoles, Antonio D. and Kim, Youngseok and Kandala, Abhinav and Gambetta, Jay M. and Temme, Kristan},
  date = {2022-03-21},
  eprint = {2105.03406},
  eprinttype = {arxiv},
  eprintclass = {quant-ph},
  doi = {10.48550/arXiv.2105.03406},
  pubstate = {preprint},
  keywords = {Quantum Physics}
}

@article{grant2019initialization,
  title = {An Initialization Strategy for Addressing Barren Plateaus in Parametrized Quantum Circuits},
  author = {Grant, Edward and Wossnig, Leonard and Ostaszewski, Mateusz and Benedetti, Marcello},
  date = {2019-12-09},
  journaltitle = {Quantum},
  shortjournal = {Quantum},
  volume = {3},
  eprint = {1903.05076},
  eprinttype = {arxiv},
  eprintclass = {quant-ph},
  pages = {214},
  issn = {2521-327X},
  doi = {10.22331/q-2019-12-09-214},
  langid = {english},
  keywords = {Quantum Physics}
}

@article{grettonnotes,
  title = {Notes on Mean Embeddings and Covariance Operators},
  author = {Gretton, Arthur},
  langid = {english}
}

@article{gross2007evenly,
  title = {Evenly Distributed Unitaries: On the Structure of Unitary Designs},
  shorttitle = {Evenly Distributed Unitaries},
  author = {Gross, D. and Audenaert, K. and Eisert, J.},
  date = {2007-05},
  journaltitle = {Journal of Mathematical Physics},
  shortjournal = {Journal of Mathematical Physics},
  volume = {48},
  number = {5},
  eprint = {quant-ph/0611002},
  eprinttype = {arxiv},
  pages = {052104},
  issn = {0022-2488, 1089-7658},
  doi = {10.1063/1.2716992},
  langid = {english},
  keywords = {Mathematical Physics,Quantum Physics}
}

@article{gross2009most,
  title = {Most {{Quantum States Are Too Entangled To Be Useful As Computational Resources}}},
  author = {Gross, D and Flammia, S T and Eisert, J},
  date = {2009},
  journaltitle = {PHYSICAL REVIEW LETTERS},
  pages = {4},
  langid = {english}
}

@article{guan2021quantum,
  title = {Quantum {{Machine Learning}} in {{High Energy Physics}}},
  author = {Guan, Wen and Perdue, Gabriel and Pesah, Arthur and Schuld, Maria and Terashi, Koji and Vallecorsa, Sofia and Vlimant, Jean-Roch},
  date = {2021-03-01},
  journaltitle = {Machine Learning: Science and Technology},
  shortjournal = {Mach. Learn.: Sci. Technol.},
  volume = {2},
  number = {1},
  eprint = {2005.08582},
  eprinttype = {arxiv},
  eprintclass = {hep-ph, physics:quant-ph},
  pages = {011003},
  issn = {2632-2153},
  doi = {10.1088/2632-2153/abc17d},
  langid = {english},
  keywords = {High Energy Physics - Phenomenology,Quantum Physics}
}

@online{gujju2023quantum,
  title = {Quantum {{Machine Learning}} on {{Near-Term Quantum Devices}}: {{Current State}} of {{Supervised}} and {{Unsupervised Techniques}} for {{Real-World Applications}}},
  shorttitle = {Quantum {{Machine Learning}} on {{Near-Term Quantum Devices}}},
  author = {Gujju, Yaswitha and Matsuo, Atsushi and Raymond, Rudy},
  date = {2023-07-03},
  eprint = {2307.00908},
  eprinttype = {arxiv},
  eprintclass = {quant-ph, stat},
  url = {http://arxiv.org/abs/2307.00908},
  langid = {english},
  pubstate = {preprint},
  keywords = {Computer Science - Machine Learning,Quantum Physics,Statistics - Machine Learning}
}

@article{haferkamp2023efficient,
  title = {Efficient {{Unitary Designs}} with a {{System-Size Independent Number}} of {{Non-Clifford Gates}}},
  author = {Haferkamp, J. and Montealegre-Mora, F. and Heinrich, M. and Eisert, J. and Gross, D. and Roth, I.},
  date = {2023-02},
  journaltitle = {Communications in Mathematical Physics},
  shortjournal = {Commun. Math. Phys.},
  volume = {397},
  number = {3},
  pages = {995--1041},
  issn = {0010-3616, 1432-0916},
  doi = {10.1007/s00220-022-04507-6},
  langid = {english}
}

@online{HamaCun2020liangziluntoyibanquelulunniokerulianglibukenengxingtohechengxinoyanjiu,
  title = {量子論と一般確率論における両立不可能性と合成系の研究},
  author = {濵村, 一航},
  date = {2020-03-23},
  eprinttype = {Kyoto University (京都大学)},
  doi = {10.14989/doctor.k22410},
  langid = {japanese},
  pubstate = {preprint}
}

@article{harrow2009quantum,
  title = {Quantum Algorithm for Solving Linear Systems of Equations},
  author = {Harrow, Aram W. and Hassidim, Avinatan and Lloyd, Seth},
  date = {2009-10-07},
  journaltitle = {Physical Review Letters},
  shortjournal = {Phys. Rev. Lett.},
  volume = {103},
  number = {15},
  eprint = {0811.3171},
  eprinttype = {arxiv},
  pages = {150502},
  issn = {0031-9007, 1079-7114},
  doi = {10.1103/PhysRevLett.103.150502},
  langid = {english},
  keywords = {Quantum Physics}
}

@online{harrow2013church,
  title = {The {{Church}} of the {{Symmetric Subspace}}},
  author = {Harrow, Aram W.},
  date = {2013-08-29},
  eprint = {1308.6595},
  eprinttype = {arxiv},
  eprintclass = {quant-ph},
  doi = {10.48550/arXiv.1308.6595},
  pubstate = {preprint},
  keywords = {Quantum Physics}
}

@article{havlicek2019supervised,
  title = {Supervised Learning with Quantum Enhanced Feature Spaces},
  author = {Havlicek, Vojtech and Córcoles, Antonio D. and Temme, Kristan and Harrow, Aram W. and Kandala, Abhinav and Chow, Jerry M. and Gambetta, Jay M.},
  date = {2019-03},
  journaltitle = {Nature},
  shortjournal = {Nature},
  volume = {567},
  number = {7747},
  eprint = {1804.11326},
  eprinttype = {arxiv},
  eprintclass = {quant-ph, stat},
  pages = {209--212},
  issn = {0028-0836, 1476-4687},
  doi = {10.1038/s41586-019-0980-2},
  langid = {english},
  keywords = {Quantum Physics,Statistics - Machine Learning}
}

@book{hayashi2015introduction,
  title = {Introduction to {{Quantum Information Science}}},
  author = {Hayashi, Masahito and Ishizaka, Satoshi and Kawachi, Akinori and Kimura, Gen and Ogawa, Tomohiro},
  date = {2015},
  series = {Graduate {{Texts}} in {{Physics}}},
  publisher = {{Springer Berlin Heidelberg}},
  location = {{Berlin, Heidelberg}},
  doi = {10.1007/978-3-662-43502-1},
  isbn = {978-3-662-43501-4 978-3-662-43502-1},
  langid = {english}
}

@article{hayden2006aspects,
  title = {Aspects of Generic Entanglement},
  author = {Hayden, Patrick and Leung, Debbie W. and Winter, Andreas},
  date = {2006-07},
  journaltitle = {Communications in Mathematical Physics},
  shortjournal = {Commun. Math. Phys.},
  volume = {265},
  number = {1},
  eprint = {quant-ph/0407049},
  eprinttype = {arxiv},
  pages = {95--117},
  issn = {0010-3616, 1432-0916},
  doi = {10.1007/s00220-006-1535-6},
  langid = {english},
  keywords = {Quantum Physics}
}

@unpublished{heredge2021quantum,
  title = {Quantum {{Support Vector Machines}} for {{Continuum Suppression}} in {{B Meson Decays}}},
  author = {Heredge, Jamie and Hill, Charles and Hollenberg, Lloyd and Sevior, Martin},
  date = {2021-11-04},
  eprint = {2103.12257},
  eprinttype = {arxiv},
  eprintclass = {hep-ex, physics:quant-ph},
  url = {http://arxiv.org/abs/2103.12257},
  langid = {english},
  keywords = {High Energy Physics - Experiment,Quantum Physics}
}

@article{heyraud2022noisy,
  title = {Noisy Quantum Kernel Machines},
  author = {Heyraud, Valentin and Li, Zejian and Denis, Zakari and Le Boité, Alexandre and Ciuti, Cristiano},
  date = {2022-11-18},
  journaltitle = {Physical Review A},
  shortjournal = {Phys. Rev. A},
  volume = {106},
  number = {5},
  pages = {052421},
  issn = {2469-9926, 2469-9934},
  doi = {10.1103/PhysRevA.106.052421},
  langid = {english}
}

@online{hibat-allah2023framework,
  title = {A {{Framework}} for {{Demonstrating Practical Quantum Advantage}}: {{Racing Quantum}} against {{Classical Generative Models}}},
  shorttitle = {A {{Framework}} for {{Demonstrating Practical Quantum Advantage}}},
  author = {Hibat-Allah, Mohamed and Mauri, Marta and Carrasquilla, Juan and Perdomo-Ortiz, Alejandro},
  date = {2023-03-27},
  eprint = {2303.15626},
  eprinttype = {arxiv},
  eprintclass = {cond-mat, physics:quant-ph},
  url = {http://arxiv.org/abs/2303.15626},
  langid = {english},
  pubstate = {preprint},
  keywords = {Computer Science - Machine Learning,Condensed Matter - Disordered Systems and Neural Networks,Quantum Physics}
}

@book{hidary2019quantum,
  title = {Quantum {{Computing}}: {{An Applied Approach}}},
  shorttitle = {Quantum {{Computing}}},
  author = {Hidary, Jack D.},
  date = {2019},
  publisher = {{Springer International Publishing}},
  location = {{Cham}},
  doi = {10.1007/978-3-030-23922-0},
  isbn = {978-3-030-23921-3 978-3-030-23922-0},
  langid = {english}
}

@article{holmes2022connecting,
  title = {Connecting Ansatz Expressibility to Gradient Magnitudes and Barren Plateaus},
  author = {Holmes, Zoë and Sharma, Kunal and Cerezo, M. and Coles, Patrick J.},
  date = {2022-01-24},
  journaltitle = {PRX Quantum},
  shortjournal = {PRX Quantum},
  volume = {3},
  number = {1},
  eprint = {2101.02138},
  eprinttype = {arxiv},
  eprintclass = {quant-ph, stat},
  pages = {010313},
  issn = {2691-3399},
  doi = {10.1103/PRXQuantum.3.010313},
  langid = {english},
  keywords = {Computer Science - Machine Learning,Quantum Physics,Statistics - Machine Learning}
}

@online{hothem2023learning,
  title = {Learning a Quantum Computer's Capability Using Convolutional Neural Networks},
  author = {Hothem, Daniel and Young, Kevin and Catanach, Tommie and Proctor, Timothy},
  date = {2023-04-20},
  eprint = {2304.10650},
  eprinttype = {arxiv},
  eprintclass = {quant-ph},
  url = {http://arxiv.org/abs/2304.10650},
  langid = {english},
  pubstate = {preprint},
  keywords = {Computer Science - Machine Learning,Quantum Physics}
}

@article{huang2021informationtheoretic,
  title = {Information-Theoretic Bounds on Quantum Advantage in Machine Learning},
  author = {Huang, Hsin-Yuan and Kueng, Richard and Preskill, John},
  date = {2021-05-14},
  journaltitle = {Physical Review Letters},
  shortjournal = {Phys. Rev. Lett.},
  volume = {126},
  number = {19},
  eprint = {2101.02464},
  eprinttype = {arxiv},
  eprintclass = {quant-ph},
  pages = {190505},
  issn = {0031-9007, 1079-7114},
  doi = {10.1103/PhysRevLett.126.190505},
  keywords = {Computer Science - Information Theory,Computer Science - Machine Learning,Quantum Physics}
}

@article{huang2021power,
  title = {Power of Data in Quantum Machine Learning},
  author = {Huang, Hsin-Yuan and Broughton, Michael and Mohseni, Masoud and Babbush, Ryan and Boixo, Sergio and Neven, Hartmut and McClean, Jarrod R.},
  date = {2021-12},
  journaltitle = {Nature Communications},
  shortjournal = {Nat Commun},
  volume = {12},
  number = {1},
  pages = {2631},
  issn = {2041-1723},
  doi = {10.1038/s41467-021-22539-9},
  langid = {english}
}

@article{huang2022quantum,
  title = {Quantum Advantage in Learning from Experiments},
  author = {Huang, Hsin-Yuan and Broughton, Michael and Cotler, Jordan and Chen, Sitan and Li, Jerry and Mohseni, Masoud and Neven, Hartmut and Babbush, Ryan and Kueng, Richard and Preskill, John and McClean, Jarrod R.},
  date = {2022-06-10},
  journaltitle = {Science},
  shortjournal = {Science},
  volume = {376},
  number = {6598},
  eprint = {2112.00778},
  eprinttype = {arxiv},
  eprintclass = {quant-ph},
  pages = {1182--1186},
  issn = {0036-8075, 1095-9203},
  doi = {10.1126/science.abn7293},
  langid = {english},
  keywords = {Computer Science - Information Theory,Computer Science - Machine Learning,Quantum Physics}
}

@article{hubregtsen2022training,
  title = {Training Quantum Embedding Kernels on Near-Term Quantum Computers},
  author = {Hubregtsen, Thomas and Wierichs, David and Gil-Fuster, Elies and Derks, Peter-Jan H. S. and Faehrmann, Paul K. and Meyer, Johannes Jakob},
  date = {2022-10-20},
  journaltitle = {Physical Review A},
  shortjournal = {Phys. Rev. A},
  volume = {106},
  number = {4},
  pages = {042431},
  issn = {2469-9926, 2469-9934},
  doi = {10.1103/PhysRevA.106.042431},
  langid = {english}
}

@article{huggins2019quantum,
  title = {Towards {{Quantum Machine Learning}} with {{Tensor Networks}}},
  author = {Huggins, William and Patel, Piyush and Whaley, K. Birgitta and Stoudenmire, E. Miles},
  date = {2019-01-09},
  journaltitle = {Quantum Science and Technology},
  shortjournal = {Quantum Sci. Technol.},
  volume = {4},
  number = {2},
  eprint = {1803.11537},
  eprinttype = {arxiv},
  eprintclass = {cond-mat, physics:quant-ph},
  pages = {024001},
  issn = {2058-9565},
  doi = {10.1088/2058-9565/aaea94},
  langid = {english},
  keywords = {Computer Science - Machine Learning,Condensed Matter - Strongly Correlated Electrons,Quantum Physics}
}

@online{innan2023simulation,
  title = {Simulation of a {{Variational Quantum Perceptron}} Using {{Grover}}'s {{Algorithm}}},
  author = {Innan, Nouhaila and Bennai, Mohamed},
  date = {2023-05-18},
  eprint = {2305.11040},
  eprinttype = {arxiv},
  eprintclass = {quant-ph},
  doi = {10.48550/arXiv.2305.11040},
  pubstate = {preprint},
  keywords = {Computer Science - Artificial Intelligence,Computer Science - Machine Learning,Quantum Physics}
}

@online{jahromi2022variational,
  title = {Variational {{Tensor Neural Networks}} for {{Deep Learning}}},
  author = {Jahromi, Saeed S. and Orus, Roman},
  date = {2022-11-26},
  eprint = {2211.14657},
  eprinttype = {arxiv},
  eprintclass = {cond-mat, physics:quant-ph},
  url = {http://arxiv.org/abs/2211.14657},
  langid = {english},
  pubstate = {preprint},
  keywords = {Condensed Matter - Disordered Systems and Neural Networks,Quantum Physics}
}

@article{jang2021quantum,
  title = {Quantum {{Gate Pattern Recognition}} and {{Circuit Optimization}} for {{Scientific Applications}}},
  author = {Jang, Wonho and Terashi, Koji and Saito, Masahiko and Bauer, Christian W. and Nachman, Benjamin and Iiyama, Yutaro and Kishimoto, Tomoe and Okubo, Ryunosuke and Sawada, Ryu and Tanaka, Junichi},
  date = {2021},
  journaltitle = {EPJ Web of Conferences},
  shortjournal = {EPJ Web Conf.},
  volume = {251},
  eprint = {2102.10008},
  eprinttype = {arxiv},
  pages = {03023},
  issn = {2100-014X},
  doi = {10.1051/epjconf/202125103023},
  langid = {english},
  keywords = {Quantum Physics}
}

@online{jerbi2021parametrized,
  title = {Parametrized Quantum Policies for Reinforcement Learning},
  author = {Jerbi, Sofiene and Gyurik, Casper and Marshall, Simon C. and Briegel, Hans J. and Dunjko, Vedran},
  date = {2021-12-09},
  eprint = {2103.05577},
  eprinttype = {arxiv},
  eprintclass = {quant-ph, stat},
  url = {http://arxiv.org/abs/2103.05577},
  langid = {english},
  pubstate = {preprint},
  keywords = {Computer Science - Artificial Intelligence,Computer Science - Machine Learning,Quantum Physics,Statistics - Machine Learning}
}

@article{jerbi2023quantum,
  title = {Quantum Machine Learning beyond Kernel Methods},
  author = {Jerbi, Sofiene and Fiderer, Lukas J. and Nautrup, Hendrik Poulsen and Kübler, Jonas M. and Briegel, Hans J. and Dunjko, Vedran},
  date = {2023-01-31},
  journaltitle = {Nature Communications},
  shortjournal = {Nat Commun},
  volume = {14},
  number = {1},
  eprint = {2110.13162},
  eprinttype = {arxiv},
  eprintclass = {quant-ph, stat},
  pages = {517},
  issn = {2041-1723},
  doi = {10.1038/s41467-023-36159-y},
  langid = {english},
  keywords = {Computer Science - Artificial Intelligence,Computer Science - Machine Learning,Quantum Physics,Statistics - Machine Learning}
}

@online{jerbi2023shadows,
  title = {Shadows of Quantum Machine Learning},
  author = {Jerbi, Sofiene and Gyurik, Casper and Marshall, Simon C. and Molteni, Riccardo and Dunjko, Vedran},
  date = {2023-05-31},
  eprint = {2306.00061},
  eprinttype = {arxiv},
  eprintclass = {quant-ph, stat},
  url = {http://arxiv.org/abs/2306.00061},
  langid = {english},
  pubstate = {preprint},
  keywords = {Computer Science - Artificial Intelligence,Computer Science - Machine Learning,Quantum Physics,Statistics - Machine Learning}
}

@article{kadowaki1998quantum,
  title = {Quantum Annealing in the Transverse {{Ising}} Model},
  author = {Kadowaki, Tadashi and Nishimori, Hidetoshi},
  date = {1998-11-01},
  journaltitle = {Physical Review E},
  shortjournal = {Phys. Rev. E},
  volume = {58},
  number = {5},
  pages = {5355--5363},
  issn = {1063-651X, 1095-3787},
  doi = {10.1103/PhysRevE.58.5355},
  langid = {english}
}

@article{khatri2019quantumassisted,
  title = {Quantum-Assisted Quantum Compiling},
  author = {Khatri, Sumeet and LaRose, Ryan and Poremba, Alexander and Cincio, Lukasz and Sornborger, Andrew T. and Coles, Patrick J.},
  date = {2019-05-13},
  journaltitle = {Quantum},
  shortjournal = {Quantum},
  volume = {3},
  eprint = {1807.00800},
  eprinttype = {arxiv},
  eprintclass = {quant-ph},
  pages = {140},
  issn = {2521-327X},
  doi = {10.22331/q-2019-05-13-140},
  langid = {english},
  keywords = {Quantum Physics}
}

@article{khatri2019quantumassisteda,
  title = {Quantum-Assisted Quantum Compiling},
  author = {Khatri, Sumeet and LaRose, Ryan and Poremba, Alexander and Cincio, Lukasz and Sornborger, Andrew T. and Coles, Patrick J.},
  date = {2019-05-13},
  journaltitle = {Quantum},
  shortjournal = {Quantum},
  volume = {3},
  eprint = {1807.00800},
  eprinttype = {arxiv},
  eprintclass = {quant-ph},
  pages = {140},
  issn = {2521-327X},
  doi = {10.22331/q-2019-05-13-140},
  langid = {english},
  keywords = {Quantum Physics}
}

@article{khoshaman2018quantum,
  title = {Quantum {{Variational Autoencoder}}},
  author = {Khoshaman, Amir and Vinci, Walter and Denis, Brandon and Andriyash, Evgeny and Sadeghi, Hossein and Amin, Mohammad H.},
  date = {2018-09-12},
  journaltitle = {Quantum Science and Technology},
  shortjournal = {Quantum Sci. Technol.},
  volume = {4},
  number = {1},
  eprint = {1802.05779},
  eprinttype = {arxiv},
  eprintclass = {quant-ph, stat},
  pages = {014001},
  issn = {2058-9565},
  doi = {10.1088/2058-9565/aada1f},
  langid = {english},
  keywords = {Computer Science - Machine Learning,Quantum Physics,Statistics - Machine Learning}
}

@article{kim2023evidence,
  title = {Evidence for the Utility of Quantum Computing before Fault Tolerance},
  author = {Kim, Youngseok and Eddins, Andrew and Anand, Sajant and Wei, Ken Xuan and Van Den Berg, Ewout and Rosenblatt, Sami and Nayfeh, Hasan and Wu, Yantao and Zaletel, Michael and Temme, Kristan and Kandala, Abhinav},
  date = {2023-06-15},
  journaltitle = {Nature},
  shortjournal = {Nature},
  volume = {618},
  number = {7965},
  pages = {500--505},
  issn = {0028-0836, 1476-4687},
  doi = {10.1038/s41586-023-06096-3},
  langid = {english}
}

@article{kliesch2021theory,
  title = {Theory of Quantum System Certification: A Tutorial},
  shorttitle = {Theory of Quantum System Certification},
  author = {Kliesch, Martin and Roth, Ingo},
  date = {2021-01-29},
  journaltitle = {PRX Quantum},
  shortjournal = {PRX Quantum},
  volume = {2},
  number = {1},
  eprint = {2010.05925},
  eprinttype = {arxiv},
  eprintclass = {quant-ph},
  pages = {010201},
  issn = {2691-3399},
  doi = {10.1103/PRXQuantum.2.010201},
  langid = {english},
  keywords = {Quantum Physics}
}

@online{kolle2022improving,
  title = {Improving {{Convergence}} for {{Quantum Variational Classifiers}} Using {{Weight Re-Mapping}}},
  author = {Kölle, Michael and Giovagnoli, Alessandro and Stein, Jonas and Mansky, Maximilian Balthasar and Hager, Julian and Linnhoff-Popien, Claudia},
  date = {2022-12-22},
  eprint = {2212.14807},
  eprinttype = {arxiv},
  eprintclass = {quant-ph},
  url = {http://arxiv.org/abs/2212.14807},
  langid = {english},
  pubstate = {preprint},
  keywords = {Computer Science - Machine Learning,Quantum Physics}
}

@online{kordzanganeh2022exponentiallygrowing,
  title = {An Exponentially-Growing Family of Universal Quantum Circuits},
  author = {Kordzanganeh, Mohammad and Sekatski, Pavel and Fedichkin, Leonid and Melnikov, Alexey},
  date = {2022-12-01},
  eprint = {2212.00736},
  eprinttype = {arxiv},
  eprintclass = {quant-ph},
  url = {http://arxiv.org/abs/2212.00736},
  langid = {english},
  pubstate = {preprint},
  keywords = {Computer Science - Machine Learning,Quantum Physics}
}

@online{kordzanganeh2023parallel,
  title = {Parallel {{Hybrid Networks}}: An Interplay between Quantum and Classical Neural Networks},
  shorttitle = {Parallel {{Hybrid Networks}}},
  author = {Kordzanganeh, Mohammad and Kosichkina, Daria and Melnikov, Alexey},
  date = {2023-03-06},
  eprint = {2303.03227},
  eprinttype = {arxiv},
  eprintclass = {quant-ph},
  url = {http://arxiv.org/abs/2303.03227},
  langid = {english},
  pubstate = {preprint},
  keywords = {Computer Science - Machine Learning,Quantum Physics}
}

@online{kubler2021inductive,
  title = {The {{Inductive Bias}} of {{Quantum Kernels}}},
  author = {Kübler, Jonas M. and Buchholz, Simon and Schölkopf, Bernhard},
  date = {2021-11-09},
  eprint = {2106.03747},
  eprinttype = {arxiv},
  eprintclass = {quant-ph, stat},
  url = {http://arxiv.org/abs/2106.03747},
  langid = {english},
  pubstate = {preprint},
  keywords = {Quantum Physics,Statistics - Machine Learning}
}

@article{kumar2020wishart,
  title = {Wishart and Random Density Matrices: {{Analytical}} Results for the Mean-Square {{Hilbert-Schmidt}} Distance},
  shorttitle = {Wishart and Random Density Matrices},
  author = {Kumar, Santosh},
  date = {2020-07-06},
  journaltitle = {Physical Review A},
  shortjournal = {Phys. Rev. A},
  volume = {102},
  number = {1},
  eprint = {2008.05153},
  eprinttype = {arxiv},
  eprintclass = {math-ph, physics:physics, physics:quant-ph, stat},
  pages = {012405},
  issn = {2469-9926, 2469-9934},
  doi = {10.1103/PhysRevA.102.012405},
  langid = {english},
  keywords = {Mathematical Physics,{Physics - Data Analysis, Statistics and Probability},Quantum Physics,Statistics - Applications}
}

@online{kwon2023feature,
  title = {Feature {{Map}} for {{Quantum Data}}: {{Probabilistic Manipulation}}},
  shorttitle = {Feature {{Map}} for {{Quantum Data}}},
  author = {Kwon, Hyeokjea and Lee, Hojun and Bae, Joonwoo},
  date = {2023-03-27},
  eprint = {2303.15665},
  eprinttype = {arxiv},
  eprintclass = {quant-ph},
  url = {http://arxiv.org/abs/2303.15665},
  langid = {english},
  pubstate = {preprint},
  keywords = {Quantum Physics}
}

@unpublished{larocca2021theory,
  title = {Theory of Overparametrization in Quantum Neural Networks},
  author = {Larocca, Martin and Ju, Nathan and García-Martín, Diego and Coles, Patrick J. and Cerezo, M.},
  date = {2021-09-23},
  eprint = {2109.11676},
  eprinttype = {arxiv},
  eprintclass = {quant-ph, stat},
  url = {http://arxiv.org/abs/2109.11676},
  langid = {english},
  keywords = {Computer Science - Machine Learning,Quantum Physics,Statistics - Machine Learning}
}

@article{larocca2022diagnosing,
  title = {Diagnosing {{Barren Plateaus}} with {{Tools}} from {{Quantum Optimal Control}}},
  author = {Larocca, Martin and Czarnik, Piotr and Sharma, Kunal and Muraleedharan, Gopikrishnan and Coles, Patrick J. and Cerezo, M.},
  date = {2022-09-29},
  journaltitle = {Quantum},
  shortjournal = {Quantum},
  volume = {6},
  eprint = {2105.14377},
  eprinttype = {arxiv},
  eprintclass = {quant-ph},
  pages = {824},
  issn = {2521-327X},
  doi = {10.22331/q-2022-09-29-824},
  langid = {english},
  keywords = {Quantum Physics}
}

@article{larocca2022groupinvariant,
  title = {Group-{{Invariant Quantum Machine Learning}}},
  author = {Larocca, Martin and Sauvage, Frederic and Sbahi, Faris M. and Verdon, Guillaume and Coles, Patrick J. and Cerezo, M.},
  date = {2022-09-19},
  journaltitle = {PRX Quantum},
  shortjournal = {PRX Quantum},
  volume = {3},
  number = {3},
  eprint = {2205.02261},
  eprinttype = {arxiv},
  eprintclass = {quant-ph, stat},
  pages = {030341},
  issn = {2691-3399},
  doi = {10.1103/PRXQuantum.3.030341},
  langid = {english},
  keywords = {Computer Science - Machine Learning,Quantum Physics,Statistics - Machine Learning}
}

@article{larose2020robust,
  title = {Robust Data Encodings for Quantum Classifiers},
  author = {LaRose, Ryan and Coyle, Brian},
  date = {2020-09-29},
  journaltitle = {Physical Review A},
  shortjournal = {Phys. Rev. A},
  volume = {102},
  number = {3},
  eprint = {2003.01695},
  eprinttype = {arxiv},
  pages = {032420},
  issn = {2469-9926, 2469-9934},
  doi = {10.1103/PhysRevA.102.032420},
  langid = {english},
  keywords = {Computer Science - Machine Learning,Quantum Physics}
}

@article{lau2017quantum,
  title = {Quantum {{Machine Learning}} over {{Infinite Dimensions}}},
  author = {Lau, Hoi-Kwan and Pooser, Raphael and Siopsis, George and Weedbrook, Christian},
  date = {2017-02-21},
  journaltitle = {Physical Review Letters},
  shortjournal = {Phys. Rev. Lett.},
  volume = {118},
  number = {8},
  pages = {080501},
  issn = {0031-9007, 1079-7114},
  doi = {10.1103/PhysRevLett.118.080501},
  langid = {english}
}

@book{laudon2003nanotech,
  title = {Nanotech 2003: 2003 {{Nanotechnology Conference}} and {{Trade Show}}; {{February}} 23 - 27, 2003, {{San Francisco}}, {{California}}, {{USA}}; Joint Meeting Includes: Includes 6th {{International Conference}} on {{Modeling}} and {{Simulation}} of {{Microsystems}}, {{MSM}} 2003, 3rd {{International Conference}} on {{Computational Nanoscience}} and {{Technology}}, {{ICCN}} 2003, 2003 {{Workshop}} on {{Compact Modeling}}, {{WCM}} 2003. {{Vol}}. 2},
  shorttitle = {Nanotech 2003},
  editor = {Laudon, Matthew},
  date = {2003},
  volume = {2},
  publisher = {{Computational Publications}},
  location = {{Cambridge, Mass.}},
  eventtitle = {International {{Conference}} on {{Modeling}} and {{Simulation}} of {{Microsystems}}},
  isbn = {978-0-9728422-1-1},
  langid = {english},
  pagetotal = {591}
}

@online{leone2022practical,
  title = {On the Practical Usefulness of the {{Hardware Efficient Ansatz}}},
  author = {Leone, Lorenzo and Oliviero, Salvatore F. E. and Cincio, Lukasz and Cerezo, M.},
  date = {2022-11-02},
  eprint = {2211.01477},
  eprinttype = {arxiv},
  eprintclass = {quant-ph},
  url = {http://arxiv.org/abs/2211.01477},
  langid = {english},
  pubstate = {preprint},
  keywords = {Quantum Physics}
}

@online{letcher2023tight,
  title = {From {{Tight Gradient Bounds}} for {{Parameterized Quantum Circuits}} to the {{Absence}} of {{Barren Plateaus}} in {{QGANs}}},
  author = {Letcher, Alistair and Woerner, Stefan and Zoufal, Christa},
  date = {2023-09-22},
  eprint = {2309.12681},
  eprinttype = {arxiv},
  eprintclass = {quant-ph},
  url = {http://arxiv.org/abs/2309.12681},
  langid = {english},
  pubstate = {preprint},
  keywords = {Quantum Physics}
}

@online{li2022concentration,
  title = {Concentration of {{Data Encoding}} in {{Parameterized Quantum Circuits}}},
  author = {Li, Guangxi and Ye, Ruilin and Zhao, Xuanqiang and Wang, Xin},
  date = {2022-06-16},
  eprint = {2206.08273},
  eprinttype = {arxiv},
  eprintclass = {quant-ph},
  url = {http://arxiv.org/abs/2206.08273},
  langid = {english},
  pubstate = {preprint},
  keywords = {Computer Science - Information Theory,Computer Science - Machine Learning,Quantum Physics}
}

@article{li2022recent,
  title = {Recent Advances for Quantum Classifiers},
  author = {Li, Weikang and Deng, Dong-Ling},
  date = {2022-02},
  journaltitle = {Science China Physics, Mechanics \& Astronomy},
  shortjournal = {Sci. China Phys. Mech. Astron.},
  volume = {65},
  number = {2},
  eprint = {2108.13421},
  eprinttype = {arxiv},
  eprintclass = {quant-ph},
  pages = {220301},
  issn = {1674-7348, 1869-1927},
  doi = {10.1007/s11433-021-1793-6},
  langid = {english},
  keywords = {Computer Science - Machine Learning,Quantum Physics}
}

@online{li2023general,
  title = {A General Quantum Matrix Exponential Dimensionality Reduction Framework Based on Block-Encoding},
  author = {Li, Yong-Mei and Liu, Hai-Ling and Pan, Shi-Jie and Qin, Su-Juan and Gao, Fei and Wen, Qiao-Yan},
  date = {2023-06-15},
  eprint = {2306.09606},
  eprinttype = {arxiv},
  eprintclass = {quant-ph},
  doi = {10.48550/arXiv.2306.09606},
  pubstate = {preprint},
  keywords = {Quantum Physics}
}

@online{liao2022expressibilityenhancing,
  title = {Expressibility-{{Enhancing Strategies}} for {{Quantum Neural Networks}}},
  author = {Liao, Yalin and Zhan, Junpeng},
  date = {2022-11-22},
  eprint = {2211.12670},
  eprinttype = {arxiv},
  eprintclass = {quant-ph},
  url = {http://arxiv.org/abs/2211.12670},
  langid = {english},
  pubstate = {preprint},
  keywords = {Computer Science - Machine Learning,Quantum Physics}
}

@online{lin2022lecture,
  title = {Lecture {{Notes}} on {{Quantum Algorithms}} for {{Scientific Computation}}},
  author = {Lin, Lin},
  date = {2022-01-20},
  eprint = {2201.08309},
  eprinttype = {arxiv},
  eprintclass = {physics, physics:quant-ph},
  url = {http://arxiv.org/abs/2201.08309},
  langid = {english},
  pubstate = {preprint},
  keywords = {Mathematics - Numerical Analysis,Physics - Computational Physics,Quantum Physics}
}

@unpublished{liu2020relaxed,
  title = {Relaxed {{Peephole Optimization}}: {{A Novel Compiler Optimization}} for {{Quantum Circuits}}},
  shorttitle = {Relaxed {{Peephole Optimization}}},
  author = {Liu, Ji and Bello, Luciano and Zhou, Huiyang},
  date = {2020-12-14},
  eprint = {2012.07711},
  eprinttype = {arxiv},
  eprintclass = {quant-ph},
  url = {http://arxiv.org/abs/2012.07711},
  langid = {english},
  keywords = {Computer Science - Programming Languages,Quantum Physics}
}

@online{liu2022laziness,
  title = {Laziness, {{Barren Plateau}}, and {{Noise}} in {{Machine Learning}}},
  author = {Liu, Junyu and Lin, Zexi and Jiang, Liang},
  date = {2022-06-18},
  eprint = {2206.09313},
  eprinttype = {arxiv},
  eprintclass = {quant-ph, stat},
  url = {http://arxiv.org/abs/2206.09313},
  langid = {english},
  pubstate = {preprint},
  keywords = {Computer Science - Artificial Intelligence,Computer Science - Machine Learning,Quantum Physics,Statistics - Machine Learning}
}

@article{liu2022presence,
  title = {The {{Presence}} and {{Absence}} of {{Barren Plateaus}} in {{Tensor-network Based Machine Learning}}},
  author = {Liu, Zidu and Yu, Li-Wei and Duan, L.-M. and Deng, Dong-Ling},
  date = {2022-12-28},
  journaltitle = {Physical Review Letters},
  shortjournal = {Phys. Rev. Lett.},
  volume = {129},
  number = {27},
  eprint = {2108.08312},
  eprinttype = {arxiv},
  eprintclass = {cond-mat, physics:quant-ph},
  pages = {270501},
  issn = {0031-9007, 1079-7114},
  doi = {10.1103/PhysRevLett.129.270501},
  langid = {english},
  keywords = {Condensed Matter - Disordered Systems and Neural Networks,Quantum Physics}
}

@online{lloyd2013quantum,
  title = {Quantum Algorithms for Supervised and Unsupervised Machine Learning},
  author = {Lloyd, Seth and Mohseni, Masoud and Rebentrost, Patrick},
  date = {2013-11-04},
  eprint = {1307.0411},
  eprinttype = {arxiv},
  eprintclass = {quant-ph},
  doi = {10.48550/arXiv.1307.0411},
  pubstate = {preprint},
  keywords = {Quantum Physics}
}

@article{lloyd2018quantum,
  title = {Quantum {{Generative Adversarial Learning}}},
  author = {Lloyd, Seth and Weedbrook, Christian},
  date = {2018-07-26},
  journaltitle = {Physical Review Letters},
  shortjournal = {Phys. Rev. Lett.},
  volume = {121},
  number = {4},
  pages = {040502},
  issn = {0031-9007, 1079-7114},
  doi = {10.1103/PhysRevLett.121.040502},
  langid = {english}
}

@unpublished{lloyd2020quantum,
  title = {Quantum Embeddings for Machine Learning},
  author = {Lloyd, Seth and Schuld, Maria and Ijaz, Aroosa and Izaac, Josh and Killoran, Nathan},
  date = {2020-02-10},
  eprint = {2001.03622},
  eprinttype = {arxiv},
  eprintclass = {quant-ph},
  url = {http://arxiv.org/abs/2001.03622},
  langid = {english},
  keywords = {Quantum Physics}
}

@article{low2009large,
  title = {Large {{Deviation Bounds}} for K-Designs},
  author = {Low, Richard A.},
  date = {2009-11-08},
  journaltitle = {Proceedings of the Royal Society A: Mathematical, Physical and Engineering Sciences},
  shortjournal = {Proc. R. Soc. A.},
  volume = {465},
  number = {2111},
  eprint = {0903.5236},
  eprinttype = {arxiv},
  eprintclass = {quant-ph},
  pages = {3289--3308},
  issn = {1364-5021, 1471-2946},
  doi = {10.1098/rspa.2009.0232},
  langid = {english},
  keywords = {Quantum Physics}
}

@online{maciejewski2023exploring,
  title = {Exploring {{Quantum Average-Case Distances}}: Proofs, Properties, and Examples},
  shorttitle = {Exploring {{Quantum Average-Case Distances}}},
  author = {Maciejewski, Filip B. and Puchała, Zbigniew and Oszmaniec, Michał},
  date = {2023-02-28},
  eprint = {2112.14284},
  eprinttype = {arxiv},
  eprintclass = {quant-ph},
  url = {http://arxiv.org/abs/2112.14284},
  langid = {english},
  pubstate = {preprint},
  keywords = {Quantum Physics}
}

@online{marrero2021entanglement,
  title = {Entanglement {{Induced Barren Plateaus}}},
  author = {Marrero, Carlos Ortiz and Kieferová, Mária and Wiebe, Nathan},
  date = {2021-03-10},
  eprint = {2010.15968},
  eprinttype = {arxiv},
  eprintclass = {quant-ph},
  url = {http://arxiv.org/abs/2010.15968},
  langid = {english},
  pubstate = {preprint},
  keywords = {Computer Science - Machine Learning,Quantum Physics}
}

@online{martin2022barren,
  title = {Barren Plateaus in Quantum Tensor Network Optimization},
  author = {Martín, Enrique Cervero and Plekhanov, Kirill and Lubasch, Michael},
  date = {2022-09-20},
  eprint = {2209.00292},
  eprinttype = {arxiv},
  eprintclass = {quant-ph},
  url = {http://arxiv.org/abs/2209.00292},
  langid = {english},
  pubstate = {preprint},
  keywords = {Quantum Physics}
}

@article{matteoshort,
  title = {A Short Introduction to Unitary 2-Designs},
  author = {Matteo, Olivia Di},
  langid = {english}
}

@article{mcclean2018barren,
  title = {Barren Plateaus in Quantum Neural Network Training Landscapes},
  author = {McClean, Jarrod R. and Boixo, Sergio and Smelyanskiy, Vadim N. and Babbush, Ryan and Neven, Hartmut},
  date = {2018-12},
  journaltitle = {Nature Communications},
  shortjournal = {Nat Commun},
  volume = {9},
  number = {1},
  eprint = {1803.11173},
  eprinttype = {arxiv},
  pages = {4812},
  issn = {2041-1723},
  doi = {10.1038/s41467-018-07090-4},
  langid = {english},
  keywords = {Computer Science - Machine Learning,Physics - Chemical Physics,Quantum Physics}
}

@online{mele2023introduction,
  title = {Introduction to {{Haar Measure Tools}} in {{Quantum Information}}: {{A Beginner}}'s {{Tutorial}}},
  shorttitle = {Introduction to {{Haar Measure Tools}} in {{Quantum Information}}},
  author = {Mele, Antonio Anna},
  date = {2023-07-17},
  eprint = {2307.08956},
  eprinttype = {arxiv},
  eprintclass = {quant-ph},
  doi = {10.48550/arXiv.2307.08956},
  pubstate = {preprint},
  keywords = {Quantum Physics}
}

@online{melnikov2023quantum,
  title = {Quantum {{Machine Learning}}: From Physics to Software Engineering},
  shorttitle = {Quantum {{Machine Learning}}},
  author = {Melnikov, Alexey and Kordzanganeh, Mohammad and Alodjants, Alexander and Lee, Ray-Kuang},
  date = {2023-01-04},
  eprint = {2301.01851},
  eprinttype = {arxiv},
  eprintclass = {physics, physics:quant-ph},
  url = {http://arxiv.org/abs/2301.01851},
  langid = {english},
  pubstate = {preprint},
  keywords = {Physics - Computational Physics,Quantum Physics}
}

@article{meyer2021fisher,
  title = {Fisher {{Information}} in {{Noisy Intermediate-Scale Quantum Applications}}},
  author = {Meyer, Johannes Jakob},
  date = {2021-09-09},
  journaltitle = {Quantum},
  shortjournal = {Quantum},
  volume = {5},
  eprint = {2103.15191},
  eprinttype = {arxiv},
  eprintclass = {quant-ph},
  pages = {539},
  issn = {2521-327X},
  doi = {10.22331/q-2021-09-09-539},
  langid = {english},
  keywords = {Quantum Physics}
}

@article{meyerquantum,
  title = {Quantum {{Natural Policy Gradients}}: {{Towards Sample-Efﬁcient Reinforcement Learning}}},
  author = {Meyer, Nico and Scherer, Daniel D and Plinge, Axel and Mutschler, Christopher and Hartmann, Michael J},
  langid = {english}
}

@online{mezher2020efficient,
  title = {Efficient Approximate Unitary T-Designs from Partially Invertible Universal Sets and Their Application to Quantum Speedup},
  author = {Mezher, Rawad and Ghalbouni, Joe and Dgheim, Joseph and Markham, Damian},
  date = {2020-03-09},
  eprint = {1905.01504},
  eprinttype = {arxiv},
  eprintclass = {quant-ph},
  url = {http://arxiv.org/abs/1905.01504},
  langid = {english},
  pubstate = {preprint},
  keywords = {Quantum Physics}
}

@article{mitarai2018quantum,
  title = {Quantum Circuit Learning},
  author = {Mitarai, K. and Negoro, M. and Kitagawa, M. and Fujii, K.},
  date = {2018-09-10},
  journaltitle = {Physical Review A},
  shortjournal = {Phys. Rev. A},
  volume = {98},
  number = {3},
  pages = {032309},
  issn = {2469-9926, 2469-9934},
  doi = {10.1103/PhysRevA.98.032309},
  langid = {english}
}

@article{monturioltensorkrowch,
  title = {{{TensorKrowch}}: {{Smooth}} Integration of Tensor Networks in Machine Learning},
  author = {Monturiol, José Ramón Pareja and Pérez-García, David and Pozas-Kerstjens, Alejandro},
  langid = {english}
}

@article{muandet2017kernel,
  title = {Kernel {{Mean Embedding}} of {{Distributions}}: {{A Review}} and {{Beyond}}},
  shorttitle = {Kernel {{Mean Embedding}} of {{Distributions}}},
  author = {Muandet, Krikamol and Fukumizu, Kenji and Sriperumbudur, Bharath and Schölkopf, Bernhard},
  date = {2017},
  journaltitle = {Foundations and Trends® in Machine Learning},
  shortjournal = {FNT in Machine Learning},
  volume = {10},
  number = {1-2},
  eprint = {1605.09522},
  eprinttype = {arxiv},
  eprintclass = {cs, stat},
  pages = {1--141},
  issn = {1935-8237, 1935-8245},
  doi = {10.1561/2200000060},
  langid = {english},
  keywords = {Computer Science - Machine Learning,Statistics - Machine Learning}
}

@article{nakaji2021expressibility,
  title = {Expressibility of the Alternating Layered Ansatz for Quantum Computation},
  author = {Nakaji, Kouhei and Yamamoto, Naoki},
  date = {2021-04-19},
  journaltitle = {Quantum},
  shortjournal = {Quantum},
  volume = {5},
  eprint = {2005.12537},
  eprinttype = {arxiv},
  eprintclass = {quant-ph},
  pages = {434},
  issn = {2521-327X},
  doi = {10.22331/q-2021-04-19-434},
  langid = {english},
  keywords = {Quantum Physics}
}

@online{nakaji2023quantumenhanced,
  title = {Quantum-Enhanced Neural Networks in the Neural Tangent Kernel Framework},
  author = {Nakaji, Kouhei and Tezuka, Hiroyuki and Yamamoto, Naoki},
  date = {2023-05-04},
  eprint = {2109.03786},
  eprinttype = {arxiv},
  eprintclass = {quant-ph},
  url = {http://arxiv.org/abs/2109.03786},
  langid = {english},
  pubstate = {preprint},
  keywords = {Quantum Physics}
}

@article{nakanishi2020sequential,
  title = {Sequential Minimal Optimization for Quantum-Classical Hybrid Algorithms},
  author = {Nakanishi, Ken M. and Fujii, Keisuke and Todo, Synge},
  date = {2020-10-29},
  journaltitle = {Physical Review Research},
  shortjournal = {Phys. Rev. Research},
  volume = {2},
  number = {4},
  eprint = {1903.12166},
  eprinttype = {arxiv},
  pages = {043158},
  issn = {2643-1564},
  doi = {10.1103/PhysRevResearch.2.043158},
  langid = {english},
  keywords = {Physics - Computational Physics,Quantum Physics}
}

@online{nguyen2022theorya,
  title = {Theory for {{Equivariant Quantum Neural Networks}}},
  author = {Nguyen, Quynh T. and Schatzki, Louis and Braccia, Paolo and Ragone, Michael and Coles, Patrick J. and Sauvage, Frederic and Larocca, Martin and Cerezo, M.},
  date = {2022-10-16},
  eprint = {2210.08566},
  eprinttype = {arxiv},
  eprintclass = {quant-ph, stat},
  url = {http://arxiv.org/abs/2210.08566},
  langid = {english},
  pubstate = {preprint},
  keywords = {Computer Science - Machine Learning,Quantum Physics,Statistics - Machine Learning}
}

@online{nguyen2023iquantum,
  title = {{{iQuantum}}: {{A Case}} for {{Modeling}} and {{Simulation}} of {{Quantum Computing Environments}}},
  shorttitle = {{{iQuantum}}},
  author = {Nguyen, Hoa T. and Usman, Muhammad and Buyya, Rajkumar},
  date = {2023-03-28},
  eprint = {2303.15729},
  eprinttype = {arxiv},
  eprintclass = {quant-ph},
  url = {http://arxiv.org/abs/2303.15729},
  langid = {english},
  pubstate = {preprint},
  keywords = {Computer Science - Emerging Technologies,Quantum Physics}
}

@book{nielsen2010quantum,
  title = {Quantum Computation and Quantum Information},
  author = {Nielsen, Michael A. and Chuang, Isaac L.},
  date = {2010},
  edition = {10th anniversary ed},
  publisher = {{Cambridge University Press}},
  location = {{Cambridge ; New York}},
  isbn = {978-1-107-00217-3},
  langid = {english},
  pagetotal = {676},
  keywords = {Quantum computers}
}

@article{ohya2010quantum,
  title = {Quantum {{Entropy}} and {{Its Applications}} to {{Quantum Communication}} and {{Statistical Physics}}},
  author = {Ohya, Masanori and Watanabe, Noboru},
  date = {2010-05-07},
  journaltitle = {Entropy},
  shortjournal = {Entropy},
  volume = {12},
  number = {5},
  pages = {1194--1245},
  issn = {1099-4300},
  doi = {10.3390/e12051194},
  langid = {english}
}

@article{okubo,
  title = {Okubo}
}

@article{oraifeartaigh1993aharonovbohm,
  title = {Aharonov-{{Bohm}} Effect in {{Presence}} of {{Superconductors}}},
  author = {O'Raifeartaigh, L. and Straumann, N. and Wipf, A.},
  date = {1993-05},
  journaltitle = {Foundations of Physics},
  shortjournal = {Found Phys},
  volume = {23},
  number = {5},
  eprint = {2305.01408},
  eprinttype = {arxiv},
  eprintclass = {quant-ph},
  pages = {703--709},
  issn = {0015-9018, 1572-9516},
  doi = {10.1007/BF01883804},
  langid = {english},
  keywords = {Quantum Physics}
}

@article{ostaszewski2021structure,
  title = {Structure Optimization for Parameterized Quantum Circuits},
  author = {Ostaszewski, Mateusz and Grant, Edward and Benedetti, Marcello},
  date = {2021-01-28},
  journaltitle = {Quantum},
  shortjournal = {Quantum},
  volume = {5},
  eprint = {1905.09692},
  eprinttype = {arxiv},
  eprintclass = {quant-ph},
  pages = {391},
  issn = {2521-327X},
  doi = {10.22331/q-2021-01-28-391},
  langid = {english},
  keywords = {Quantum Physics}
}

@online{otten2019noiseresilient,
  title = {Noise-{{Resilient Quantum Dynamics Using Symmetry-Preserving Ansatzes}}},
  author = {Otten, Matthew and Cortes, Cristian L. and Gray, Stephen K.},
  date = {2019-10-14},
  eprint = {1910.06284},
  eprinttype = {arxiv},
  eprintclass = {quant-ph},
  url = {http://arxiv.org/abs/1910.06284},
  langid = {english},
  pubstate = {preprint},
  keywords = {Quantum Physics}
}

@article{ozawa2000entanglement,
  title = {Entanglement Measures and the {{Hilbert-Schmidt}} Distance},
  author = {Ozawa, Masanao},
  date = {2000-04},
  journaltitle = {Physics Letters A},
  shortjournal = {Physics Letters A},
  volume = {268},
  number = {3},
  eprint = {quant-ph/0002036},
  eprinttype = {arxiv},
  pages = {158--160},
  issn = {03759601},
  doi = {10.1016/S0375-9601(00)00171-7},
  langid = {english},
  keywords = {Quantum Physics}
}

@article{pagano2020quantum,
  title = {Quantum {{Approximate Optimization}} of the {{Long-Range Ising Model}} with a {{Trapped-Ion Quantum Simulator}}},
  author = {Pagano, G. and Bapat, A. and Becker, P. and Collins, K. S. and De, A. and Hess, P. W. and Kaplan, H. B. and Kyprianidis, A. and Tan, W. L. and Baldwin, C. and Brady, L. T. and Deshpande, A. and Liu, F. and Jordan, S. and Gorshkov, A. V. and Monroe, C.},
  date = {2020-10-13},
  journaltitle = {Proceedings of the National Academy of Sciences},
  shortjournal = {Proc. Natl. Acad. Sci. U.S.A.},
  volume = {117},
  number = {41},
  eprint = {1906.02700},
  eprinttype = {arxiv},
  eprintclass = {cond-mat, physics:quant-ph},
  pages = {25396--25401},
  issn = {0027-8424, 1091-6490},
  doi = {10.1073/pnas.2006373117},
  langid = {english},
  keywords = {Condensed Matter - Quantum Gases,Condensed Matter - Strongly Correlated Electrons,Quantum Physics}
}

@online{park2023hamiltonian,
  title = {Hamiltonian Variational Ansatz without Barren Plateaus},
  author = {Park, Chae-Yeun and Killoran, Nathan},
  date = {2023-02-16},
  eprint = {2302.08529},
  eprinttype = {arxiv},
  eprintclass = {cond-mat, physics:quant-ph},
  url = {http://arxiv.org/abs/2302.08529},
  langid = {english},
  pubstate = {preprint},
  keywords = {Condensed Matter - Statistical Mechanics,Quantum Physics}
}

@article{perez-salinas2020data,
  title = {Data Re-Uploading for a Universal Quantum Classifier},
  author = {Pérez-Salinas, Adrián and Cervera-Lierta, Alba and Gil-Fuster, Elies and Latorre, José I.},
  date = {2020-02-06},
  journaltitle = {Quantum},
  shortjournal = {Quantum},
  volume = {4},
  eprint = {1907.02085},
  eprinttype = {arxiv},
  eprintclass = {quant-ph},
  pages = {226},
  issn = {2521-327X},
  doi = {10.22331/q-2020-02-06-226},
  langid = {english},
  keywords = {Quantum Physics}
}

@article{peruzzo2014variational,
  title = {A Variational Eigenvalue Solver on a Photonic Quantum Processor},
  author = {Peruzzo, Alberto and McClean, Jarrod and Shadbolt, Peter and Yung, Man-Hong and Zhou, Xiao-Qi and Love, Peter J. and Aspuru-Guzik, Alán and O’Brien, Jeremy L.},
  date = {2014-09},
  journaltitle = {Nature Communications},
  shortjournal = {Nat Commun},
  volume = {5},
  number = {1},
  pages = {4213},
  issn = {2041-1723},
  doi = {10.1038/ncomms5213},
  langid = {english}
}

@article{popescu2006entanglement,
  title = {Entanglement and the Foundations of Statistical Mechanics},
  author = {Popescu, Sandu and Short, Anthony J. and Winter, Andreas},
  date = {2006-11},
  journaltitle = {Nature Physics},
  shortjournal = {Nature Phys},
  volume = {2},
  number = {11},
  pages = {754--758},
  issn = {1745-2473, 1745-2481},
  doi = {10.1038/nphys444},
  langid = {english},
  keywords = {Condensed Matter - Statistical Mechanics,Quantum Physics}
}

@online{portugal2022basic,
  title = {Basic {{Quantum Algorithms}}},
  author = {Portugal, Renato},
  date = {2022-05-11},
  eprint = {2201.10574},
  eprinttype = {arxiv},
  eprintclass = {quant-ph},
  url = {http://arxiv.org/abs/2201.10574},
  langid = {english},
  pubstate = {preprint},
  keywords = {Computer Science - Computational Complexity,Quantum Physics}
}

@online{preskill2018quantum,
  title = {Quantum {{Computing}} in the {{NISQ}} Era and Beyond},
  author = {Preskill, John},
  date = {2018-07-31},
  eprint = {1801.00862},
  eprinttype = {arxiv},
  eprintclass = {cond-mat, physics:quant-ph},
  doi = {10.22331/q-2018-08-06-79},
  langid = {english},
  pubstate = {preprint},
  keywords = {Condensed Matter - Strongly Correlated Electrons,Quantum Physics}
}

@misc{qedutextbook,
  title = {{{QEdu-textbook}}},
  url = {https://www.sqei.c.u-tokyo.ac.jp/qed/QEd_textbook.pdf}
}

@online{quantum,
  title = {Quantum Education for future Technologies. ーオンラインコース・サマースクール開発プログラムー},
  url = {https://www.sqei.c.u-tokyo.ac.jp/qed/},
  langid = {japanese},
  organization = {{量子技術教育プログラム公式サイト}}
}

@online{ragone2023representation,
  title = {Representation {{Theory}} for {{Geometric Quantum Machine Learning}}},
  author = {Ragone, Michael and Braccia, Paolo and Nguyen, Quynh T. and Schatzki, Louis and Coles, Patrick J. and Sauvage, Frederic and Larocca, Martin and Cerezo, M.},
  date = {2023-02-07},
  eprint = {2210.07980},
  eprinttype = {arxiv},
  eprintclass = {quant-ph, stat},
  url = {http://arxiv.org/abs/2210.07980},
  langid = {english},
  pubstate = {preprint},
  keywords = {Computer Science - Machine Learning,Mathematics - Representation Theory,Quantum Physics,Statistics - Machine Learning}
}

@online{ragone2023unified,
  title = {A {{Unified Theory}} of {{Barren Plateaus}} for {{Deep Parametrized Quantum Circuits}}},
  author = {Ragone, Michael and Bakalov, Bojko N. and Sauvage, Frédéric and Kemper, Alexander F. and Marrero, Carlos Ortiz and Larocca, Martin and Cerezo, M.},
  date = {2023-09-20},
  eprint = {2309.09342},
  eprinttype = {arxiv},
  eprintclass = {quant-ph},
  url = {http://arxiv.org/abs/2309.09342},
  langid = {english},
  pubstate = {preprint},
  keywords = {Quantum Physics}
}

@article{rebentrost2014quantum,
  title = {Quantum Support Vector Machine for Big Data Classification},
  author = {Rebentrost, Patrick and Mohseni, Masoud and Lloyd, Seth},
  date = {2014-09-25},
  journaltitle = {Physical Review Letters},
  shortjournal = {Phys. Rev. Lett.},
  volume = {113},
  number = {13},
  eprint = {1307.0471},
  eprinttype = {arxiv},
  pages = {130503},
  issn = {0031-9007, 1079-7114},
  doi = {10.1103/PhysRevLett.113.130503},
  langid = {english},
  keywords = {Computer Science - Machine Learning,Quantum Physics}
}

@online{rezazadeh2022quantumenabled,
  title = {Towards {{Quantum-Enabled 6G Slicing}}},
  author = {Rezazadeh, Farhad and Kahvazadeh, Sarang and Mosahebfard, Mohammadreza},
  date = {2022-10-21},
  eprint = {2212.11755},
  eprinttype = {arxiv},
  eprintclass = {quant-ph},
  url = {http://arxiv.org/abs/2212.11755},
  langid = {english},
  pubstate = {preprint},
  keywords = {Computer Science - Machine Learning,Computer Science - Networking and Internet Architecture,Quantum Physics}
}

@article{roberts2017chaos,
  title = {Chaos and Complexity by Design},
  author = {Roberts, Daniel A. and Yoshida, Beni},
  date = {2017-04},
  journaltitle = {Journal of High Energy Physics},
  shortjournal = {J. High Energ. Phys.},
  volume = {2017},
  number = {4},
  pages = {121},
  issn = {1029-8479},
  doi = {10.1007/JHEP04(2017)121},
  langid = {english}
}

@online{robertson2022escaping,
  title = {Escaping Barren Plateaus in Approximate Quantum Compiling},
  author = {Robertson, Niall F. and Akhriev, Albert and Vala, Jiri and Zhuk, Sergiy},
  date = {2022-10-17},
  eprint = {2210.09191},
  eprinttype = {arxiv},
  eprintclass = {quant-ph},
  url = {http://arxiv.org/abs/2210.09191},
  langid = {english},
  pubstate = {preprint},
  keywords = {Quantum Physics}
}

@article{romero2017quantum,
  title = {Quantum Autoencoders for Efficient Compression of Quantum Data},
  author = {Romero, Jonathan and Olson, Jonathan P. and Aspuru-Guzik, Alan},
  date = {2017-12-01},
  journaltitle = {Quantum Science and Technology},
  shortjournal = {Quantum Sci. Technol.},
  volume = {2},
  number = {4},
  eprint = {1612.02806},
  eprinttype = {arxiv},
  eprintclass = {quant-ph},
  pages = {045001},
  issn = {2058-9565},
  doi = {10.1088/2058-9565/aa8072},
  langid = {english},
  keywords = {Quantum Physics}
}

@online{rudolph2023trainability,
  title = {Trainability Barriers and Opportunities in Quantum Generative Modeling},
  author = {Rudolph, Manuel S. and Lerch, Sacha and Thanasilp, Supanut and Kiss, Oriel and Vallecorsa, Sofia and Grossi, Michele and Holmes, Zoë},
  date = {2023-05-04},
  eprint = {2305.02881},
  eprinttype = {arxiv},
  eprintclass = {hep-ex, physics:quant-ph, stat},
  url = {http://arxiv.org/abs/2305.02881},
  langid = {english},
  pubstate = {preprint},
  keywords = {Computer Science - Machine Learning,High Energy Physics - Experiment,Quantum Physics,Statistics - Machine Learning}
}

@online{sayginel2023faulttolerant,
  title = {A Fault-Tolerant Variational Quantum Algorithm with Limited {{T-depth}}},
  author = {Sayginel, Hasan and Jamet, Francois and Agarwal, Abhishek and Browne, Dan E. and Rungger, Ivan},
  date = {2023-03-08},
  eprint = {2303.04491},
  eprinttype = {arxiv},
  eprintclass = {quant-ph},
  url = {http://arxiv.org/abs/2303.04491},
  langid = {english},
  pubstate = {preprint},
  keywords = {Quantum Physics}
}

@online{sborlini2023geometrical,
  title = {Geometrical Causality: Casting {{Feynman}} Integrals into Quantum Algorithms},
  shorttitle = {Geometrical Causality},
  author = {Sborlini, German F. R.},
  date = {2023-05-15},
  eprint = {2305.08550},
  eprinttype = {arxiv},
  eprintclass = {hep-ph, physics:hep-th, physics:quant-ph},
  doi = {10.48550/arXiv.2305.08550},
  pubstate = {preprint},
  keywords = {High Energy Physics - Phenomenology,High Energy Physics - Theory,Quantum Physics}
}

@online{scandi2023quantum,
  title = {Quantum {{Fisher Information}} and Its Dynamical Nature},
  author = {Scandi, Matteo and Abiuso, Paolo and Surace, Jacopo and De Santis, Dario},
  date = {2023-04-28},
  eprint = {2304.14984},
  eprinttype = {arxiv},
  eprintclass = {cond-mat, physics:math-ph, physics:quant-ph},
  url = {http://arxiv.org/abs/2304.14984},
  langid = {english},
  pubstate = {preprint},
  keywords = {Condensed Matter - Statistical Mechanics,Mathematical Physics,Quantum Physics}
}

@online{schatzki2021entangled,
  title = {Entangled {{Datasets}} for {{Quantum Machine Learning}}},
  author = {Schatzki, Louis and Arrasmith, Andrew and Coles, Patrick J. and Cerezo, M.},
  date = {2021-11-17},
  eprint = {2109.03400},
  eprinttype = {arxiv},
  eprintclass = {quant-ph, stat},
  url = {http://arxiv.org/abs/2109.03400},
  langid = {english},
  pubstate = {preprint},
  keywords = {Computer Science - Machine Learning,Quantum Physics,Statistics - Machine Learning}
}

@online{schatzki2022theoretical,
  title = {Theoretical {{Guarantees}} for {{Permutation-Equivariant Quantum Neural Networks}}},
  author = {Schatzki, Louis and Larocca, Martin and Nguyen, Quynh T. and Sauvage, Frederic and Cerezo, M.},
  date = {2022-11-14},
  eprint = {2210.09974},
  eprinttype = {arxiv},
  eprintclass = {quant-ph, stat},
  url = {http://arxiv.org/abs/2210.09974},
  langid = {english},
  pubstate = {preprint},
  keywords = {Computer Science - Machine Learning,Quantum Physics,Statistics - Machine Learning}
}

@online{schneeloch2022negativity,
  title = {Negativity vs. {{Purity}} and {{Entropy}} in {{Witnessing Entanglement}}},
  author = {Schneeloch, James and Jacinto, H. Shelton and Tison, Christopher C. and Alsing, Paul M.},
  date = {2022-06-27},
  eprint = {2009.06765},
  eprinttype = {arxiv},
  eprintclass = {quant-ph},
  url = {http://arxiv.org/abs/2009.06765},
  langid = {english},
  pubstate = {preprint},
  keywords = {Quantum Physics}
}

@article{schuld2014quest,
  title = {The Quest for a {{Quantum Neural Network}}},
  author = {Schuld, Maria and Sinayskiy, Ilya and Petruccione, Francesco},
  date = {2014-11},
  journaltitle = {Quantum Information Processing},
  shortjournal = {Quantum Inf Process},
  volume = {13},
  number = {11},
  pages = {2567--2586},
  issn = {1570-0755, 1573-1332},
  doi = {10.1007/s11128-014-0809-8},
  langid = {english}
}

@article{schuld2015introduction,
  title = {An Introduction to Quantum Machine Learning},
  author = {Schuld, Maria and Sinayskiy, Ilya and Petruccione, Francesco},
  date = {2015-04-03},
  journaltitle = {Contemporary Physics},
  shortjournal = {Contemporary Physics},
  volume = {56},
  number = {2},
  pages = {172--185},
  issn = {0010-7514, 1366-5812},
  doi = {10.1080/00107514.2014.964942},
  langid = {english}
}

@article{schuld2016prediction,
  title = {Prediction by Linear Regression on a Quantum Computer},
  author = {Schuld, Maria and Sinayskiy, Ilya and Petruccione, Francesco},
  date = {2016-08-30},
  journaltitle = {Physical Review A},
  shortjournal = {Phys. Rev. A},
  volume = {94},
  number = {2},
  eprint = {1601.07823},
  eprinttype = {arxiv},
  pages = {022342},
  issn = {2469-9926, 2469-9934},
  doi = {10.1103/PhysRevA.94.022342},
  langid = {english},
  keywords = {Quantum Physics}
}

@article{schuld2019evaluating,
  title = {Evaluating Analytic Gradients on Quantum Hardware},
  author = {Schuld, Maria and Bergholm, Ville and Gogolin, Christian and Izaac, Josh and Killoran, Nathan},
  date = {2019-03-21},
  journaltitle = {Physical Review A},
  shortjournal = {Phys. Rev. A},
  volume = {99},
  number = {3},
  eprint = {1811.11184},
  eprinttype = {arxiv},
  pages = {032331},
  issn = {2469-9926, 2469-9934},
  doi = {10.1103/PhysRevA.99.032331},
  langid = {english},
  keywords = {Quantum Physics}
}

@article{schuld2019quantum,
  title = {Quantum Machine Learning in Feature {{Hilbert}} Spaces},
  author = {Schuld, Maria and Killoran, Nathan},
  date = {2019-02-01},
  journaltitle = {Physical Review Letters},
  shortjournal = {Phys. Rev. Lett.},
  volume = {122},
  number = {4},
  eprint = {1803.07128},
  eprinttype = {arxiv},
  pages = {040504},
  issn = {0031-9007, 1079-7114},
  doi = {10.1103/PhysRevLett.122.040504},
  langid = {english},
  keywords = {Quantum Physics}
}

@article{schuld2020circuitcentric,
  title = {Circuit-Centric Quantum Classifiers},
  author = {Schuld, Maria and Bocharov, Alex and Svore, Krysta and Wiebe, Nathan},
  date = {2020-03-06},
  journaltitle = {Physical Review A},
  shortjournal = {Phys. Rev. A},
  volume = {101},
  number = {3},
  eprint = {1804.00633},
  eprinttype = {arxiv},
  eprintclass = {quant-ph},
  pages = {032308},
  issn = {2469-9926, 2469-9934},
  doi = {10.1103/PhysRevA.101.032308},
  langid = {english},
  keywords = {Quantum Physics}
}

@article{schuld2021effect,
  title = {The Effect of Data Encoding on the Expressive Power of Variational Quantum Machine Learning Models},
  author = {Schuld, Maria and Sweke, Ryan and Meyer, Johannes Jakob},
  date = {2021-03-24},
  journaltitle = {Physical Review A},
  shortjournal = {Phys. Rev. A},
  volume = {103},
  number = {3},
  eprint = {2008.08605},
  eprinttype = {arxiv},
  pages = {032430},
  issn = {2469-9926, 2469-9934},
  doi = {10.1103/PhysRevA.103.032430},
  langid = {english},
  keywords = {Quantum Physics,Statistics - Machine Learning}
}

@book{schuld2021machine,
  title = {Machine {{Learning}} with {{Quantum Computers}}},
  author = {Schuld, Maria and Petruccione, Francesco},
  date = {2021},
  series = {Quantum {{Science}} and {{Technology}}},
  publisher = {{Springer International Publishing}},
  location = {{Cham}},
  doi = {10.1007/978-3-030-83098-4},
  isbn = {978-3-030-83097-7 978-3-030-83098-4},
  langid = {english}
}

@online{schuld2021supervised,
  title = {Supervised Quantum Machine Learning Models Are Kernel Methods},
  author = {Schuld, Maria},
  date = {2021-04-17},
  eprint = {2101.11020},
  eprinttype = {arxiv},
  eprintclass = {quant-ph, stat},
  url = {http://arxiv.org/abs/2101.11020},
  langid = {english},
  pubstate = {preprint},
  keywords = {Quantum Physics,Statistics - Machine Learning}
}

@online{schuld2022quantum,
  title = {Is Quantum Advantage the Right Goal for Quantum Machine Learning?},
  author = {Schuld, Maria and Killoran, Nathan},
  date = {2022-03-02},
  eprint = {2203.01340},
  eprinttype = {arxiv},
  eprintclass = {quant-ph},
  url = {http://arxiv.org/abs/2203.01340},
  langid = {english},
  pubstate = {preprint},
  keywords = {Quantum Physics}
}

@article{scottkernel,
  title = {Kernel {{Methods}} and the {{Representer Theorem}}},
  author = {Scott, Clayton and Faradonbeh, Mohamad Kazem Shirani},
  langid = {english}
}

@online{sharma2021geometric,
  title = {A Geometric Way to Find the Measures of Uncertainty from Statistical Divergences for Discrete and Finite Probability Distributions},
  author = {Sharma, Gautam and Sazim, Sk},
  date = {2021-06-28},
  eprint = {2106.14874},
  eprinttype = {arxiv},
  eprintclass = {quant-ph},
  url = {http://arxiv.org/abs/2106.14874},
  langid = {english},
  pubstate = {preprint},
  keywords = {Quantum Physics}
}

@article{sharma2022trainability,
  title = {Trainability of {{Dissipative Perceptron-Based Quantum Neural Networks}}},
  author = {Sharma, Kunal and Cerezo, M. and Cincio, Lukasz and Coles, Patrick J.},
  date = {2022-05-06},
  journaltitle = {Physical Review Letters},
  shortjournal = {Phys. Rev. Lett.},
  volume = {128},
  number = {18},
  eprint = {2005.12458},
  eprinttype = {arxiv},
  eprintclass = {quant-ph},
  pages = {180505},
  issn = {0031-9007, 1079-7114},
  doi = {10.1103/PhysRevLett.128.180505},
  langid = {english},
  keywords = {Computer Science - Machine Learning,Quantum Physics}
}

@online{shin2023analyzing,
  title = {Analyzing Quantum Machine Learning Using Tensor Network},
  author = {Shin, S. and Teo, Y. S. and Jeong, H.},
  date = {2023-07-13},
  eprint = {2307.06937},
  eprinttype = {arxiv},
  eprintclass = {quant-ph},
  url = {http://arxiv.org/abs/2307.06937},
  langid = {english},
  pubstate = {preprint},
  keywords = {Quantum Physics}
}

@online{shirai2021quantum,
  title = {Quantum Tangent Kernel},
  author = {Shirai, Norihito and Kubo, Kenji and Mitarai, Kosuke and Fujii, Keisuke},
  date = {2021-11-04},
  eprint = {2111.02951},
  eprinttype = {arxiv},
  eprintclass = {quant-ph, stat},
  url = {http://arxiv.org/abs/2111.02951},
  langid = {english},
  pubstate = {preprint},
  keywords = {Quantum Physics,Statistics - Machine Learning}
}

@article{shor1997polynomialtime,
  title = {Polynomial-{{Time Algorithms}} for {{Prime Factorization}} and {{Discrete Logarithms}} on a {{Quantum Computer}}},
  author = {Shor, Peter W.},
  date = {1997-10},
  journaltitle = {SIAM Journal on Computing},
  shortjournal = {SIAM J. Comput.},
  volume = {26},
  number = {5},
  eprint = {quant-ph/9508027},
  eprinttype = {arxiv},
  pages = {1484--1509},
  issn = {0097-5397, 1095-7111},
  doi = {10.1137/S0097539795293172},
  langid = {english},
  keywords = {Quantum Physics}
}

@book{silva2018practical,
  title = {Practical {{Quantum Computing}} for {{Developers}}: {{Programming Quantum Rigs}} in the {{Cloud}} Using {{Python}}, {{Quantum Assembly Language}} and {{IBM QExperience}}},
  shorttitle = {Practical {{Quantum Computing}} for {{Developers}}},
  author = {Silva, Vladimir},
  date = {2018},
  publisher = {{Apress}},
  location = {{Berkeley, CA}},
  doi = {10.1007/978-1-4842-4218-6},
  isbn = {978-1-4842-4217-9 978-1-4842-4218-6},
  langid = {english}
}

@article{sim2019expressibility,
  title = {Expressibility and Entangling Capability of Parameterized Quantum Circuits for Hybrid Quantum-Classical Algorithms},
  author = {Sim, Sukin and Johnson, Peter D. and Aspuru-Guzik, Alan},
  date = {2019-12},
  journaltitle = {Advanced Quantum Technologies},
  shortjournal = {Adv Quantum Tech},
  volume = {2},
  number = {12},
  eprint = {1905.10876},
  eprinttype = {arxiv},
  eprintclass = {quant-ph},
  pages = {1900070},
  issn = {2511-9044, 2511-9044},
  doi = {10.1002/qute.201900070},
  langid = {english},
  keywords = {Quantum Physics}
}

@article{skolik2021layerwise,
  title = {Layerwise Learning for Quantum Neural Networks},
  author = {Skolik, Andrea and McClean, Jarrod R. and Mohseni, Masoud and van der Smagt, Patrick and Leib, Martin},
  options = {useprefix=true},
  date = {2021-06},
  journaltitle = {Quantum Machine Intelligence},
  shortjournal = {Quantum Mach. Intell.},
  volume = {3},
  number = {1},
  eprint = {2006.14904},
  eprinttype = {arxiv},
  eprintclass = {quant-ph},
  pages = {5},
  issn = {2524-4906, 2524-4914},
  doi = {10.1007/s42484-020-00036-4},
  langid = {english},
  keywords = {Computer Science - Machine Learning,Quantum Physics}
}

@article{skolik2022quantum,
  title = {Quantum Agents in the {{Gym}}: A Variational Quantum Algorithm for Deep {{Q-learning}}},
  shorttitle = {Quantum Agents in the {{Gym}}},
  author = {Skolik, Andrea and Jerbi, Sofiene and Dunjko, Vedran},
  date = {2022-05-24},
  journaltitle = {Quantum},
  shortjournal = {Quantum},
  volume = {6},
  eprint = {2103.15084},
  eprinttype = {arxiv},
  eprintclass = {quant-ph},
  pages = {720},
  issn = {2521-327X},
  doi = {10.22331/q-2022-05-24-720},
  langid = {english},
  keywords = {Quantum Physics}
}

@article{slattery2023numerical,
  title = {Numerical Evidence against Advantage with Quantum Fidelity Kernels on Classical Data},
  author = {Slattery, Lucas and Shaydulin, Ruslan and Chakrabarti, Shouvanik and Pistoia, Marco and Khairy, Sami and Wild, Stefan M.},
  date = {2023-06-20},
  journaltitle = {Physical Review A},
  shortjournal = {Phys. Rev. A},
  volume = {107},
  number = {6},
  eprint = {2211.16551},
  eprinttype = {arxiv},
  eprintclass = {quant-ph},
  pages = {062417},
  issn = {2469-9926, 2469-9934},
  doi = {10.1103/PhysRevA.107.062417},
  langid = {english},
  keywords = {Computer Science - Machine Learning,Quantum Physics}
}

@article{stokes2020quantum,
  title = {Quantum {{Natural Gradient}}},
  author = {Stokes, James and Izaac, Josh and Killoran, Nathan and Carleo, Giuseppe},
  date = {2020-05-25},
  journaltitle = {Quantum},
  shortjournal = {Quantum},
  volume = {4},
  eprint = {1909.02108},
  eprinttype = {arxiv},
  eprintclass = {quant-ph, stat},
  pages = {269},
  issn = {2521-327X},
  doi = {10.22331/q-2020-05-25-269},
  langid = {english},
  keywords = {Computer Science - Machine Learning,Quantum Physics,Statistics - Machine Learning}
}

@online{stoudenmire2017supervised,
  title = {Supervised {{Learning}} with {{Quantum-Inspired Tensor Networks}}},
  author = {Stoudenmire, E. Miles and Schwab, David J.},
  date = {2017-05-18},
  eprint = {1605.05775},
  eprinttype = {arxiv},
  eprintclass = {cond-mat, stat},
  url = {http://arxiv.org/abs/1605.05775},
  langid = {english},
  pubstate = {preprint},
  keywords = {Computer Science - Machine Learning,Condensed Matter - Strongly Correlated Electrons,Statistics - Machine Learning}
}

@online{strang2023nature,
  title = {Nature's {{Cost Function}}: {{Simulating Physics}} by {{Minimizing}} the {{Action}}},
  shorttitle = {Nature's {{Cost Function}}},
  author = {Strang, Tim and Caruso, Isabella and Greydanus, Sam},
  date = {2023-03-03},
  eprint = {2303.02115},
  eprinttype = {arxiv},
  eprintclass = {cond-mat, physics:physics, physics:quant-ph},
  url = {http://arxiv.org/abs/2303.02115},
  langid = {english},
  pubstate = {preprint},
  keywords = {Computer Science - Machine Learning,Condensed Matter - Disordered Systems and Neural Networks,Physics - Computational Physics,Quantum Physics}
}

@online{suzuki2022quantum,
  title = {Quantum {{Fisher}} Kernel for Mitigating the Vanishing Similarity Issue},
  author = {Suzuki, Yudai and Kawaguchi, Hideaki and Yamamoto, Naoki},
  date = {2022-10-29},
  eprint = {2210.16581},
  eprinttype = {arxiv},
  eprintclass = {quant-ph},
  url = {http://arxiv.org/abs/2210.16581},
  langid = {english},
  pubstate = {preprint},
  keywords = {Quantum Physics}
}

@article{sweke2020stochastic,
  title = {Stochastic Gradient Descent for Hybrid Quantum-Classical Optimization},
  author = {Sweke, Ryan and Wilde, Frederik and Meyer, Johannes and Schuld, Maria and Faehrmann, Paul K. and Meynard-Piganeau, Barthélémy and Eisert, Jens},
  date = {2020-08-31},
  journaltitle = {Quantum},
  shortjournal = {Quantum},
  volume = {4},
  eprint = {1910.01155},
  eprinttype = {arxiv},
  eprintclass = {quant-ph},
  pages = {314},
  issn = {2521-327X},
  doi = {10.22331/q-2020-08-31-314},
  langid = {english},
  keywords = {Computer Science - Machine Learning,Quantum Physics}
}

@online{tanaka2023quantum,
  title = {Quantum {{Solvable Nonlinear Differential Equations}}},
  author = {Tanaka, Yu and Fujii, Keisuke},
  date = {2023-05-01},
  eprint = {2305.00653},
  eprinttype = {arxiv},
  eprintclass = {quant-ph},
  url = {http://arxiv.org/abs/2305.00653},
  langid = {english},
  pubstate = {preprint},
  keywords = {Quantum Physics}
}

@article{terashi2021event,
  title = {Event {{Classification}} with {{Quantum Machine Learning}} in {{High-Energy Physics}}},
  author = {Terashi, Koji and Kaneda, Michiru and Kishimoto, Tomoe and Saito, Masahiko and Sawada, Ryu and Tanaka, Junichi},
  date = {2021-12},
  journaltitle = {Computing and Software for Big Science},
  shortjournal = {Comput Softw Big Sci},
  volume = {5},
  number = {1},
  eprint = {2002.09935},
  eprinttype = {arxiv},
  pages = {2},
  issn = {2510-2036, 2510-2044},
  doi = {10.1007/s41781-020-00047-7},
  langid = {english},
  keywords = {High Energy Physics - Experiment,High Energy Physics - Phenomenology,Physics - Computational Physics,Quantum Physics}
}

@article{thanasilp2021subtleties,
  title = {Subtleties in the Trainability of Quantum Machine Learning Models},
  author = {Thanasilp, Supanut and Wang, Samson and Nghiem, Nhat A. and Coles, Patrick J. and Cerezo, M.},
  date = {2021-10-27},
  doi = {10.48550/arXiv.2110.14753},
  langid = {english}
}

@online{thanasilp2022exponential,
  title = {Exponential Concentration and Untrainability in Quantum Kernel Methods},
  author = {Thanasilp, Supanut and Wang, Samson and Cerezo, M. and Holmes, Zoë},
  date = {2022-08-23},
  eprint = {2208.11060},
  eprinttype = {arxiv},
  eprintclass = {quant-ph, stat},
  url = {http://arxiv.org/abs/2208.11060},
  langid = {english},
  pubstate = {preprint},
  keywords = {Computer Science - Machine Learning,Quantum Physics,Statistics - Machine Learning}
}

@online{understanding,
  title = {Understanding the {{Haar Measure}} — {{PennyLane}}},
  url = {https://pennylane.ai/qml/demos/tutorial_haar_measure.html},
}

@online{unitary,
  title = {Unitary {{Designs}} — {{PennyLane}}},
  url = {https://pennylane.ai/qml/demos/tutorial_unitary_designs.html},
}

@article{uvarov2021barren,
  title = {On Barren Plateaus and Cost Function Locality in Variational Quantum Algorithms},
  author = {Uvarov, Alexey and Biamonte, Jacob},
  date = {2021-06-18},
  journaltitle = {Journal of Physics A: Mathematical and Theoretical},
  shortjournal = {J. Phys. A: Math. Theor.},
  volume = {54},
  number = {24},
  eprint = {2011.10530},
  eprinttype = {arxiv},
  eprintclass = {cond-mat, physics:quant-ph},
  pages = {245301},
  issn = {1751-8113, 1751-8121},
  doi = {10.1088/1751-8121/abfac7},
  langid = {english},
  keywords = {Computer Science - Machine Learning,Condensed Matter - Disordered Systems and Neural Networks,Quantum Physics}
}

@online{uvarov2022variational,
  title = {Variational Quantum Algorithms for Local {{Hamiltonian}} Problems},
  author = {Uvarov, Alexey},
  date = {2022-08-25},
  eprint = {2208.11220},
  eprinttype = {arxiv},
  eprintclass = {quant-ph},
  url = {http://arxiv.org/abs/2208.11220},
  langid = {english},
  pubstate = {preprint},
  keywords = {Quantum Physics}
}

@inproceedings{valiant2001quantum,
  title = {Quantum Computers That Can Be Simulated Classically in Polynomial Time},
  booktitle = {Proceedings of the Thirty-Third Annual {{ACM}} Symposium on {{Theory}} of Computing},
  author = {Valiant, Leslie G.},
  date = {2001-07-06},
  pages = {114--123},
  publisher = {{ACM}},
  location = {{Hersonissos Greece}},
  doi = {10.1145/380752.380785},
  eventtitle = {{{STOC01}}: 33rd {{ACM Symposium}} on {{Theory}} of {{Computing}}},
  isbn = {978-1-58113-349-3},
  langid = {english}
}

@misc{variational_algorithm_and_machine_learing_with_quantum_computer,
  title = {Variational\_algorithm\_and\_{{Machine}}\_learing\_with\_{{Quantum}}\_computer.Pdf},
  url = {https://www.jps.or.jp/books/gakkaishi/2019/09/74-09seriesAIphys1.pdf}
}

@online{vedral2023everythingisaquantumwave,
  title = {The {{Everything-is-a-Quantum-Wave Interpretation}} of {{Quantum Physics}}},
  author = {Vedral, Vlatko},
  date = {2023-03-01},
  eprint = {2303.00831},
  eprinttype = {arxiv},
  eprintclass = {physics, physics:quant-ph},
  url = {http://arxiv.org/abs/2303.00831},
  langid = {english},
  pubstate = {preprint},
  keywords = {Physics - History and Philosophy of Physics,Quantum Physics}
}

@article{venturaquantum,
  title = {Quantum {{Associative Memory}}},
  author = {Ventura, Dan and Martinez, Tony},
  pages = {39},
  langid = {english}
}

@article{volkoff2021large,
  title = {Large Gradients via Correlation in Random Parameterized Quantum Circuits},
  author = {Volkoff, Tyler and Coles, Patrick J},
  date = {2021-04-01},
  journaltitle = {Quantum Science and Technology},
  shortjournal = {Quantum Sci. Technol.},
  volume = {6},
  number = {2},
  pages = {025008},
  issn = {2058-9565},
  doi = {10.1088/2058-9565/abd891},
  langid = {english}
}

@article{wang2009contractivity,
  title = {Contractivity of the {{Hilbert-Schmidt}} Distance under Open-System Dynamics},
  author = {Wang, Xiaoting and Schirmer, S. G.},
  date = {2009-05-20},
  journaltitle = {Physical Review A},
  shortjournal = {Phys. Rev. A},
  volume = {79},
  number = {5},
  pages = {052326},
  issn = {1050-2947, 1094-1622},
  doi = {10.1103/PhysRevA.79.052326},
  langid = {english}
}

@article{wang2021noiseinduced,
  title = {Noise-{{Induced Barren Plateaus}} in {{Variational Quantum Algorithms}}},
  author = {Wang, Samson and Fontana, Enrico and Cerezo, M. and Sharma, Kunal and Sone, Akira and Cincio, Lukasz and Coles, Patrick J.},
  date = {2021-12},
  journaltitle = {Nature Communications},
  shortjournal = {Nat Commun},
  volume = {12},
  number = {1},
  eprint = {2007.14384},
  eprinttype = {arxiv},
  pages = {6961},
  issn = {2041-1723},
  doi = {10.1038/s41467-021-27045-6},
  langid = {english},
  keywords = {Computer Science - Machine Learning,Quantum Physics}
}

@article{watabequantum,
  title = {Quantum {{Circuit Parameters Learning}} with {{Gradient Descent Using Backpropagation}}},
  author = {Watabe, Masaya and Shiba, Kodai and Sogabe, Masaru and Sakamoto, Katsuyoshi and Sogabe, Tomah},
  pages = {11},
  langid = {english}
}

@inproceedings{weigold2021expanding,
  title = {Expanding {{Data Encoding Patterns For Quantum Algorithms}}},
  booktitle = {2021 {{IEEE}} 18th {{International Conference}} on {{Software Architecture Companion}} ({{ICSA-C}})},
  author = {Weigold, Manuela and Barzen, Johanna and Leymann, Frank and Salm, Marie},
  date = {2021-03},
  pages = {95--101},
  publisher = {{IEEE}},
  location = {{Stuttgart, Germany}},
  doi = {10.1109/ICSA-C52384.2021.00025},
  eventtitle = {2021 {{IEEE}} 18th {{International Conference}} on {{Software Architecture Companion}} ({{ICSA-C}})},
  isbn = {978-1-66543-910-7},
  langid = {english}
}

@article{wierichs2022general,
  title = {General Parameter-Shift Rules for Quantum Gradients},
  author = {Wierichs, David and Izaac, Josh and Wang, Cody and Lin, Cedric Yen-Yu},
  date = {2022-03-30},
  journaltitle = {Quantum},
  shortjournal = {Quantum},
  volume = {6},
  eprint = {2107.12390},
  eprinttype = {arxiv},
  eprintclass = {quant-ph},
  pages = {677},
  issn = {2521-327X},
  doi = {10.22331/q-2022-03-30-677},
  langid = {english},
  keywords = {Quantum Physics}
}

@book{wilde2016classical,
  title = {From {{Classical}} to {{Quantum Shannon Theory}}},
  author = {Wilde, Mark M.},
  date = {2016-11-02},
  eprint = {1106.1445},
  eprinttype = {arxiv},
  eprintclass = {quant-ph},
  doi = {10.1017/9781316809976.001},
  keywords = {Computer Science - Information Theory,Quantum Physics}
}

@article{wildeproof,
  title = {Proof of the {{Choi-Kraus}} Theorem},
  author = {Wilde, Mark M},
  langid = {english}
}

@book{wittek2014quantum,
  title = {Quantum Machine Learning: What Quantum Computing Means Todata Mining},
  shorttitle = {Quantum Machine Learning},
  author = {Wittek, Peter},
  date = {2014},
  edition = {1st. edition},
  publisher = {{Elsevier, AP}},
  location = {{Amsterdam}},
  isbn = {978-0-12-800953-6},
  langid = {english}
}

@online{yajnik2023seven,
  title = {The Seven Laws of {{Quantum Mechanics}} : Banishing the Bogeys},
  shorttitle = {The Seven Laws of {{Quantum Mechanics}}},
  author = {Yajnik, Urjit A.},
  date = {2023-01-13},
  eprint = {2301.05436},
  eprinttype = {arxiv},
  eprintclass = {hep-ph, physics:hep-th, physics:physics, physics:quant-ph},
  url = {http://arxiv.org/abs/2301.05436},
  langid = {english},
  pubstate = {preprint},
  keywords = {High Energy Physics - Phenomenology,High Energy Physics - Theory,Physics - History and Philosophy of Physics,Quantum Physics}
}

@online{yang2023complexity,
  title = {The {{Complexity}} of {{Learning}} ({{Pseudo}})Random {{Dynamics}} of {{Black Holes}} and {{Other Chaotic Systems}}},
  author = {Yang, Lisa and Engelhardt, Netta},
  date = {2023-02-23},
  eprint = {2302.11013},
  eprinttype = {arxiv},
  eprintclass = {gr-qc, physics:hep-th, physics:quant-ph},
  url = {http://arxiv.org/abs/2302.11013},
  langid = {english},
  pubstate = {preprint},
  keywords = {General Relativity and Quantum Cosmology,High Energy Physics - Theory,Quantum Physics}
}

@article{yano2021efficient,
  title = {Efficient {{Discrete Feature Encoding}} for {{Variational Quantum Classifier}}},
  author = {Yano, Hiroshi and Suzuki, Yudai and Itoh, Kohei and Raymond, Rudy and Yamamoto, Naoki},
  date = {2021},
  journaltitle = {IEEE Transactions on Quantum Engineering},
  shortjournal = {IEEE Trans. Quantum Eng.},
  volume = {2},
  pages = {1--14},
  issn = {2689-1808},
  doi = {10.1109/TQE.2021.3103050},
  langid = {english}
}

@online{yoo2023quantum,
  title = {Quantum {{Wrapper Networking}}},
  author = {Yoo, S. J. Ben and Singh, Sandeep Kumar and On, Mehmet Berkay and Gul, Gamze and Kanter, Gregory S. and Proietti, Roberto and Kumar, Prem},
  date = {2023-04-30},
  eprint = {2305.00591},
  eprinttype = {arxiv},
  eprintclass = {physics, physics:quant-ph},
  url = {http://arxiv.org/abs/2305.00591},
  langid = {english},
  pubstate = {preprint},
  keywords = {Physics - Optics,Quantum Physics}
}

@online{zambrano2023avoiding,
  title = {Avoiding Barren Plateaus in the Variational Determination of Geometric Entanglement},
  author = {Zambrano, Leonardo and Muñoz-Moller, Andrés Damián and Muñoz, Mario and Pereira, Luciano and Delgado, Aldo},
  date = {2023-04-26},
  eprint = {2304.13388},
  eprinttype = {arxiv},
  eprintclass = {quant-ph},
  url = {http://arxiv.org/abs/2304.13388},
  langid = {english},
  pubstate = {preprint},
  keywords = {Quantum Physics}
}

@online{zardini2023quantum,
  title = {A Quantum K-Nearest Neighbors Algorithm Based on the {{Euclidean}} Distance Estimation},
  author = {Zardini, Enrico and Blanzieri, Enrico and Pastorello, Davide},
  date = {2023-05-07},
  eprint = {2305.04287},
  eprinttype = {arxiv},
  eprintclass = {quant-ph},
  url = {http://arxiv.org/abs/2305.04287},
  langid = {english},
  pubstate = {preprint},
  keywords = {Computer Science - Emerging Technologies,Quantum Physics}
}

@online{zhang2015matrix,
  title = {Matrix Integrals over Unitary Groups: {{An}} Application of {{Schur-Weyl}} Duality},
  shorttitle = {Matrix Integrals over Unitary Groups},
  author = {Zhang, Lin},
  date = {2015-09-01},
  eprint = {1408.3782},
  eprinttype = {arxiv},
  eprintclass = {math-ph, physics:quant-ph},
  url = {http://arxiv.org/abs/1408.3782},
  langid = {english},
  pubstate = {preprint},
  keywords = {Mathematical Physics,Quantum Physics}
}

@online{zhang2020trainability,
  title = {Toward {{Trainability}} of {{Quantum Neural Networks}}},
  author = {Zhang, Kaining and Hsieh, Min-Hsiu and Liu, Liu and Tao, Dacheng},
  date = {2020-12-04},
  eprint = {2011.06258},
  eprinttype = {arxiv},
  eprintclass = {quant-ph},
  url = {http://arxiv.org/abs/2011.06258},
  langid = {english},
  pubstate = {preprint},
  keywords = {Quantum Physics}
}

@online{zhang2022escaping,
  title = {Escaping from the {{Barren Plateau}} via {{Gaussian Initializations}} in {{Deep Variational Quantum Circuits}}},
  author = {Zhang, Kaining and Liu, Liu and Hsieh, Min-Hsiu and Tao, Dacheng},
  date = {2022-12-01},
  eprint = {2203.09376},
  eprinttype = {arxiv},
  eprintclass = {quant-ph},
  url = {http://arxiv.org/abs/2203.09376},
  langid = {english},
  pubstate = {preprint},
  keywords = {Computer Science - Machine Learning,Quantum Physics}
}

@online{zhang2022fundamental,
  title = {Fundamental Limitations on Optimization in Variational Quantum Algorithms},
  author = {Zhang, Hao-Kai and Zhu, Chengkai and Liu, Geng and Wang, Xin},
  date = {2022-08-14},
  eprint = {2205.05056},
  eprinttype = {arxiv},
  eprintclass = {cond-mat, physics:quant-ph},
  url = {http://arxiv.org/abs/2205.05056},
  langid = {english},
  pubstate = {preprint},
  keywords = {Computer Science - Machine Learning,Condensed Matter - Disordered Systems and Neural Networks,Quantum Physics}
}

@online{zhang2022trainability,
  title = {Toward {{Trainability}} of {{Deep Quantum Neural Networks}}},
  author = {Zhang, Kaining and Hsieh, Min-Hsiu and Liu, Liu and Tao, Dacheng},
  date = {2022-09-26},
  eprint = {2112.15002},
  eprinttype = {arxiv},
  eprintclass = {quant-ph},
  url = {http://arxiv.org/abs/2112.15002},
  langid = {english},
  pubstate = {preprint},
  keywords = {Quantum Physics}
}

@online{zhang2023energydependent,
  title = {Energy-Dependent Barren Plateau in Bosonic Variational Quantum Circuits},
  author = {Zhang, Bingzhi and Zhuang, Quntao},
  date = {2023-05-02},
  eprint = {2305.01799},
  eprinttype = {arxiv},
  eprintclass = {quant-ph},
  url = {http://arxiv.org/abs/2305.01799},
  langid = {english},
  pubstate = {preprint},
  keywords = {Computer Science - Machine Learning,Quantum Physics}
}

@article{zhao2021analyzing,
  title = {Analyzing the Barren Plateau Phenomenon in Training Quantum Neural Networks with the {{ZX-calculus}}},
  author = {Zhao, Chen and Gao, Xiao-Shan},
  date = {2021-06-04},
  journaltitle = {Quantum},
  shortjournal = {Quantum},
  volume = {5},
  eprint = {2102.01828},
  eprinttype = {arxiv},
  eprintclass = {quant-ph},
  pages = {466},
  issn = {2521-327X},
  doi = {10.22331/q-2021-06-04-466},
  langid = {english},
  keywords = {Computer Science - Machine Learning,Quantum Physics}
}

@article{zhou2020quantum,
  title = {Quantum {{Approximate Optimization Algorithm}}: {{Performance}}, {{Mechanism}}, and {{Implementation}} on {{Near-Term Devices}}},
  shorttitle = {Quantum {{Approximate Optimization Algorithm}}},
  author = {Zhou, Leo and Wang, Sheng-Tao and Choi, Soonwon and Pichler, Hannes and Lukin, Mikhail D.},
  date = {2020-06-24},
  journaltitle = {Physical Review X},
  shortjournal = {Phys. Rev. X},
  volume = {10},
  number = {2},
  eprint = {1812.01041},
  eprinttype = {arxiv},
  eprintclass = {cond-mat, physics:quant-ph},
  pages = {021067},
  issn = {2160-3308},
  doi = {10.1103/PhysRevX.10.021067},
  keywords = {Condensed Matter - Disordered Systems and Neural Networks,Condensed Matter - Statistical Mechanics,Quantum Physics}
}

@misc{zotero-3827,
  title = {0}
}

@article{zoufal2019quantum,
  title = {Quantum {{Generative Adversarial Networks}} for Learning and Loading Random Distributions},
  author = {Zoufal, Christa and Lucchi, Aurélien and Woerner, Stefan},
  date = {2019-12},
  journaltitle = {npj Quantum Information},
  shortjournal = {npj Quantum Inf},
  volume = {5},
  number = {1},
  pages = {103},
  issn = {2056-6387},
  doi = {10.1038/s41534-019-0223-2},
  langid = {english}
}
